2340 3946
128 223 170 287 sl
394 223 434 280 ll.
457 222 598 281 VELLEI
619 221 836 282 PATERCULI
929 230 932 235 '

129 380 223 456 petiit.
237 377 385 437 Ferocem
398 376 531 436 illamtot
544 374 659 435 milium
671 375 856 436 iuventutem
864 375 961 449 paulo
969 381 1041 435 ante
1049 391 1098 435 ser·

129 464 254 523 vitutem
267 459 410 520 minatam
416 459 521 520 Italiae
534 460 740 518 conferentem
754 474 846 529 arma
861 459 1100 533 mdbususoerat,

130 545 212 620 apud
226 542 339 604 flumen
355 544 477 604 nomine
488 543 664 615 Bathinmn,
677 548 990 617 prosternentemque
1003 557 1040 603 se
1051 543 1101 604 uni·

129 645 251 689 versam
259 629 389 703 genibus
403 628 606 702 imperatoris,
614 627 826 701 Batonemque
837 623 1050 699 etPinnetem‚
1062 642 1103 687 en·

132 711 322 773 celsissimos
336 713 441 785 duceS,
455 712 743 788 captum[otterum,]
758 711 888 770 alterum
898 725 919 769 a
931 725 968 772 se
980 709 1102 772 deditum

103 796 218 870 5iustis
232 795 438 857 voluminibus
454 795 561 854 ordine
573 794 775 867 narrabimus,
788 801 821 854 ut
834 807 940 869 spero.
962 794 1104 855 Autumno

131 880 401 941 victorinhiberna
407 879 563 939 reducitur
569 877 731 953 exereitus,
745 876 988 940 euiusomnibus
997 879 1104 954 copiisa
1119 894 1122 949 ε

124 960 1106 1039 GaesareMLepiduspraelectusestvirnominiucfortunaeb'oe

131 1066 232 1110 sarem
244 1049 412 1124 proximus,
428 1045 711 1121 queminquantum
720 1045 852 1122 queisque
861 1051 914 1106 aut
926 1061 1106 1120 cognoscere

132 1133 367 1207 autintellegere
380 1131 486 1206 potuit,
499 1129 529 1188 in
541 1136 657 1191 tantum
670 1130 796 1190 miratur
802 1145 840 1190 ac
846 1127 946 1204 diligit
952 1135 1105 1192 tantorum·

133 1216 366 1291 quenominurn,
381 1214 492 1289 quibus
506 1221 591 1274 ortus
600 1221 657 1287 est,
672 1222 883 1275 ornamentum
895 1212 1024 1274 iudicat

105 1311 120 1360 1
216 1299 304 1359 CXV.
349 1299 462 1358 Caesar
476 1296 516 1358 ad
531 1299 656 1358 alteram
669 1297 740 1358 belli
752 1297 910 1359 Delmatici
925 1298 1042 1359 molam
1055 1298 1105 1358 aoi-

132 1399 213 1442 mum
229 1390 322 1457 atque
336 1397 419 1442 arma
435 1380 569 1442 contulit.
606 1382 645 1440 ln·
657 1399 718 1456 qua
732 1381 861 1457 regione
877 1381 962 1457 quali
978 1382 1106 1444 adiutore

131 1467 295 1545 legatoque
320 1467 414 1525 tratre
433 1481 502 1525 meo
522 1464 624 1540 Magio
647 1465 751 1527 celere
777 1465 937 1525 Velloiano
962 1482 1043 1528 usus
1069 1466 1106 1538 sit,

132 1548 231 1624 ipsius
239 1548 399 1625 patrisque
405 1549 472 1610 eius
479 1550 858 1625 praedicationetestatum
866 1557 914 1610 est
927 1549 1106 1625 etamplissl·

133 1649 251 1694 morum
263 1634 428 1707 donorum,
446 1634 558 1708 quibus
572 1632 764 1708 triumphans
777 1649 846 1694 eum
855 1632 971 1693 caesar
982 1633 1105 1704 donavit

104 1719 234 1793 asignat
248 1719 403 1777 memoria.
439 1716 527 1777 Initio
548 1717 674 1777 aestatis
688 1716 824 1792 Lepidus
846 1717 958 1778 educto
979 1717 1105 1780 hibernis

134 1801 270 1861 exercitu
284 1818 340 1875 per
351 1800 449 1874 gentis
462 1803 596 1874 integras
606 1798 811 1874 immunisque
826 1799 927 1860 adhue
942 1800 1033 1862 clade
1047 1797 1104 1861 bell

134 1891 164 1942 ot
178 1898 216 1942 eo
232 1882 344 1943 lerocis
360 1898 397 1941 ao
411 1883 505 1941 trucis
521 1883 651 1942 tendens
672 1883 712 1942 ad
726 1884 877 1944 Tiberium
899 1882 1104 1959 imperatorem

134 1973 163 2025 et
187 1981 256 2026 oum
281 1965 459 2025 difficultate
483 1966 622 2024 locorum
647 1972 678 2024 et
698 1981 767 2026 cum
780 1967 811 2026 vi
826 1965 961 2027 hostium
975 1969 1122 2037 luctatus.

133 2064 323 2124 magnacum
336 2047 423 2107 clade
435 2047 648 2108 obsistentium
661 2048 775 2109 excisis
788 2050 885 2125 agris,
901 2052 1023 2112 exustis
1034 2050 1102 2112 aedi·
1119 2040 1122 2129 i

133 2132 227 2206 liciis,
250 2132 349 2191 caesis
364 2131 438 2190 viris
453 2132 552 2192 laetus
566 2132 692 2192 victoria
708 2134 886 2209 praedaque
900 2143 1032 2196 onustus
1046 2149 1101 2210 per·

121 2215 216 2280 ⁴venit
240 2215 280 2273 ad
296 2213 473 2288 Caesarem,
497 2221 529 2274 et
549 2214 642 2276 obeo
664 2218 786 2292 quaesi
805 2218 943 2293 propriis
965 2221 1099 2294 gessisset

134 2296 295 2372 auspiciis,
312 2298 499 2373 triumphare
511 2299 672 2373 debuerat,
684 2302 869 2362 ornamentis
881 2302 1098 2378 triumphalibus

53 2386 55 2393 ’
134 2383 344 2443 consentiente
359 2399 429 2444 cum
440 2381 552 2445 iudicio
565 2385 736 2460 principum
748 2387 906 2446 voluntate
921 2394 1047 2448 senatus
1058 2385 1097 2445 de

104 2471 220 2529 anuos
234 2474 290 2527 est.
321 2467 376 2526 llla
390 2475 494 2528 aestas
510 2470 632 2528 maximi
646 2469 718 2529 belli
732 2470 957 2531 consummavit
970 2470 1096 2531 effectos

136 2549 252 2625 quippe
265 2549 412 2612 Perustae
427 2568 462 2611 ac
477 2551 659 2612 Daesitiates
674 2553 830 2612 Delmatae
851 2554 912 2616 situ
925 2554 1060 2616 locorum
1069 2563 1096 2610 ac

135 2635 293 2707 montium,
309 2635 499 2709 ingeniorum
513 2635 642 2707 ferocia,
657 2636 734 2696 mira
744 2636 834 2697 etiam
846 2638 1003 2713 pugnandi
1015 2637 1096 2699 scion·

49 2777 54 2783 ,
134 2717 176 2775 tia
188 2725 219 2777 et
232 2717 399 2790 praecipue
418 2717 565 2790 angustiis
586 2717 718 2778 saltuum
739 2736 839 2793 paene
858 2720 1096 2797 inexpugnabiles

134 2799 267 2857 neniam
283 2798 392 2872 ductu,
408 2799 463 2858 sed
480 2799 620 2861 manibus
634 2809 727 2877 atque
742 2805 835 2864 armis
855 2805 955 2880 ipsius
966 2800 1096 2866 caesai

133 2888 195 2941 tum
206 2881 437 2957 ‘demumpacati
449 2891 533 2958 sunl,
549 2900 618 2944 curn
631 2901 730 2959 paene
744 2888 880 2949 fonditus
891 2888 994 2950 eversi
1004 2890 1096 2950 iorenl

104 2966 121 3017 4
133 2963 210 3024 Nihil
220 2965 252 3025 in
263 2965 322 3026 hoc
333 2973 417 3027 tanto
429 2967 525 3041 bello,
539 2968 612 3027 nihil
623 2968 824 3031 inGermania
835 2979 887 3033 aut
896 2973 1004 3034 videre
1014 2969 1096 3032 maius

133 3056 185 3108 aut
198 3051 299 3109 mirari
313 3051 411 3126 magis
426 3051 526 3125 potui,
546 3068 638 3126 quam
659 3056 746 3129 quod
764 3056 940 3132 imperatori
955 3065 1097 3133 nunquam

132 3132 211 3192 adeo
237 3135 298 3193 ulla
326 3142 498 3209 opportuna
524 3135 590 3195 visa
613 3144 661 3197 est
684 3139 830 3201 victoriae
852 3140 992 3216 occasio,
1020 3126 1122 3216 quam!

133 3215 357 3278 damnoamissi
364 3218 625 3294 pensaretmiliiis,
639 3237 823 3297 semperque
836 3223 937 3285 visum
944 3234 992 3286 est
998 3219 1097 3301 glorio·
1119 3224 1122 3281 ἴ

132 3316 216 3373 sum,
237 3300 322 3374 quod
343 3308 426 3362 esset
446 3303 643 3378 tutissimum,
666 3313 696 3366 et
709 3313 778 3366 ante
799 3308 1004 3369 conscientiae
1018 3315 1096 3384 quam

132 3383 231 3442 lamae
245 3385 417 3444 consultum
432 3401 636 3462 necunquam
650 3390 779 3450 consilia
790 3391 877 3463 ducis
892 3391 1006 3454 iudicio
1020 3400 1097 3451 exer·

51 3473 55 3479 ’
133 3466 224 3541 citus,
240 3468 298 3526 sed
312 3469 464 3531 exercitus
479 3472 671 3546 providentia
685 3472 771 3533 ducis
786 3482 888 3536 reclus
905 3485 961 3538 est.
1065 3508 1067 3513 ·
