2370 3946
131 215 173 281 aa
399 214 440 274 m.
461 213 605 274 vunnu
625 208 842 276 rnrnacunr
881 193 884 199 ’

102 369 189 430 uviri
203 365 371 441 perductus
386 372 443 425 εει.
478 364 529 424 Ad
544 379 635 441 quem
649 363 890 424 interficiendum
909 365 1026 424 missus
1044 381 1111 427 cum

132 450 234 527 gladio
260 463 370 508 servus
396 448 537 523 publicus
561 447 683 510 natione
699 447 883 522 GermanuS,
909 447 960 522 qui
980 448 1060 508 lorte
1074 448 1110 509 ab

132 535 318 609 imperatore
332 547 369 593 eo
384 532 466 592 bello
480 530 628 592 Cimbrico
644 538 753 607 captus
768 538 847 606 crat,
862 537 895 591 ut
908 529 1036 605 agnovit
1049 531 1110 592 Ma·

132 617 225 692 rium,
240 631 351 691 magno
364 616 477 676 eiulatu
484 615 672 689 exprimente
682 614 920 690 indignationem
933 629 1028 675 casus
1039 615 1110 676 tanti

102 699 205 775 4viri,
232 700 351 761 abiecto
378 700 479 774 gladio
505 699 640 773 profugit
663 714 836 769 coarcere.
866 699 940 758 liam
956 697 1059 773 cives,
1074 699 1109 761 ab

132 785 222 844 hoste
234 783 373 844 misereri
387 784 479 858 paulo
495 787 565 841 ante
580 781 728 856 principis
742 782 799 842 viri
814 782 911 855 docti,
931 783 1109 843 instructum

134 883 202 929 eum
225 866 334 928 viatico
355 867 538 939 conlataque
557 872 644 926 veste
657 866 687 924 in
704 863 812 925 navem
832 865 1063 940 imposuerunt,
1084 871 1109 927 ai

133 951 184 1012 ille
199 952 363 1012 adsecutus
389 949 469 1008 circa
482 949 644 1008 Aenariam
666 949 761 1008 lilium
783 964 906 1009 cursum
930 948 961 1008 in
976 949 1108 1010 Africam

134 1034 245 1096 direxit
255 1035 440 1110 inopemque
449 1032 541 1091 vitam
553 1030 710 1108 intugurio
722 1034 877 1093 ruinarum
886 1031 1106 1107 Carthaginien·

134 1119 214 1180 sium
235 1116 390 1190 toleravit,
412 1130 480 1175 cum
500 1115 614 1176 Marius
635 1117 789 1191 aspiciens
812 1115 1041 1190 Carthaginem,
1062 1115 1107 1176 ilia

133 1205 256 1264 intuens
269 1200 414 1272 Marium,
429 1199 607 1258 alteralteri
623 1207 753 1274 possent
766 1215 838 1260 esse
854 1199 974 1259 solatio.

107 1301 124 1353 1
218 1285 282 1346 XX.
324 1283 391 1343 Hoc
411 1281 541 1357 primum
559 1298 639 1344 anno
662 1283 810 1357 sanguine
832 1283 968 1343 consulis
982 1280 1104 1342 Romani

134 1368 236 1428 militis
261 1367 393 1426 imbutae
410 1381 519 1424 luanus
544 1373 632 1437 sunt;
659 1365 774 1440 quippe
788 1363 969 1440 PompeiuS,
995 1366 1105 1440 collega

135 1450 253 1520 Sullae,
269 1449 308 1507 ab
320 1449 456 1508 exercitu
468 1448 519 1507 On.
530 1448 657 1524 Pompei
668 1449 864 1524 proconsulis
880 1448 1039 1518 seditione,
1057 1447 1105 1510 sed

106 1545 228 1607 aquam
241 1531 304 1590 dux
319 1539 491 1604 creaverat,
505 1533 682 1593 interiectus
694 1539 750 1593 est.
763 1530 779 1570 *
791 1530 833 1570 **
862 1533 928 1593 Non
944 1532 1104 1602 eratMarlo

134 1614 335 1690 Sulpicioque
360 1617 455 1676 Cinna
479 1617 683 1692 temperatior.
718 1619 824 1691 ltaque
845 1632 914 1677 cum
938 1616 979 1674 ita
1004 1615 1103 1676 civitat

133 1698 238 1758 Italiae
253 1700 324 1759 data
338 1708 436 1775 esset,
461 1699 538 1760 utin
555 1707 624 1761 octo
640 1702 737 1762 tribus
759 1698 1023 1761 contribuerantur
1039 1695 1104 1759 novi

135 1781 234 1856 cives,
250 1798 289 1842 ne
303 1784 438 1857 potentia
453 1799 557 1843 eorum
573 1792 603 1844 et
613 1784 770 1845 multitudo
786 1791 921 1844 veterum
937 1781 1049 1840 civium
1069 1780 1104 1840 dl·

134 1865 277 1939 gnitatem
291 1867 445 1938 frangeret
458 1868 591 1940 plusque
605 1874 733 1940 possent
746 1867 860 1940 recepti
879 1864 910 1924 in
930 1863 1104 1924 beneficium

135 1964 227 2025 quam
249 1955 391 2008 auctores
413 1947 558 2022 benefici,
580 1943 719 2006 Cinnam
741 1947 881 2006 omnibus
902 1947 1042 2008 tribubus
1058 1958 1105 2007 eot

104 2035 170 2093 dac
184 2031 413 2093 distributumm
428 2029 578 2103 pollicitus
595 2036 651 2089 est.
680 2030 745 2103 Quo
761 2031 883 2089 nominc
897 2029 1051 2102 ingentem
1068 2037 1105 2090 to·

134 2118 194 2176 tius
209 2115 313 2176 ltaliae
326 2112 527 2187 frequentiam
538 2112 569 2172 in
582 2113 688 2172 urbem
704 2112 864 2173 acciverat.
892 2111 917 2170 Ε
930 2127 991 2185 qua
1004 2114 1107 2186 pulsut

134 2198 273 2272 collegae
294 2196 544 2272 optimatiumque
565 2195 681 2255 viribus
700 2211 768 2255 oum
785 2196 814 2254 in
837 2194 1034 2269 Campaniam
1050 2203 1107 2256 ten·

135 2281 235 2353 deret,
258 2296 297 2340 ex
312 2277 489 2340 auctoritate
504 2287 629 2341 senatus
645 2281 822 2340 consulatus
843 2279 871 2338 ei
885 2279 1052 2353 abrogatus
1067 2282 1109 2338 est

135 2363 346 2438 suffectusque
366 2361 397 2423 in
418 2363 485 2424 eius
506 2365 608 2425 locum
627 2365 661 2422 L.
683 2363 841 2423 Cornelius
861 2363 979 2423 Merula
1000 2362 1107 2422 ilamcu

134 2447 239 2507 dialis:
265 2447 342 2508 haec
367 2447 476 2508 iniuria
495 2447 618 2508 homine
641 2464 733 2522 quam
754 2448 896 2521 exemplo
912 2444 1034 2520 dignior
1048 2445 1107 2506 luit.

105 2528 211 2592 lTum
220 2530 314 2591 Cinna
325 2532 477 2605 corruptis
489 2532 587 2605 primo
600 2528 828 2590 centurionibus
841 2544 877 2589 ac
888 2528 1025 2602 tribunis,
1041 2541 1107 2588 mon

134 2614 225 2675 etium
240 2631 297 2689 spe
312 2613 480 2689 largitionis
505 2613 663 2686 militibus,
685 2614 723 2672 ab
745 2628 782 2672 eo
804 2611 940 2674 exercitu
964 2613 1016 2687 qui
1033 2611 1109 2671 circu

133 2697 241 2757 Nolam
256 2705 335 2771 erat,
349 2702 494 2770 receptus
508 2703 565 2755 est.
592 2696 622 2755 is
634 2710 703 2754 cum
720 2694 882 2756 universus
893 2695 924 2754 in
938 2696 1035 2755 verba
1046 2695 1108 2756 eiua

135 2781 282 2853 iurasset,
307 2780 442 2839 retinens
457 2778 588 2853 insignia
603 2779 780 2840 consulatus
805 2778 923 2855 patriae
941 2780 1055 2839 bellum
1070 2779 1109 2836 in·

134 2863 214 2933 tulit,
242 2862 336 2922 fretus
361 2859 476 2936 ingenti
502 2876 628 2922 numero
649 2878 799 2923 novorum
821 2863 932 2922 civium
952 2875 1110 2938 equorum

135 2945 256 3006 delectu
276 2952 429 3007 trecentas
452 2945 583 3020 amplius
603 2944 738 3006 cohortis
760 2946 986 3019 conscripserat
1006 2961 1043 3005 ac
1063 2944 1109 3007 ui·

105 3029 218 3105 aginta
232 3029 384 3104 legionum
404 3029 500 3090 instar
513 3030 701 3104 impleverat.
730 3028 816 3105 Opus
828 3036 893 3089 erat
906 3029 1044 3104 partibus
1062 3045 1111 3090 au·

135 3113 288 3188 ctoritate,
310 3115 421 3188 gratia,
437 3114 523 3173 cuius
544 3115 704 3186 augendae
723 3114 754 3174 C.
769 3112 897 3172 Marium
913 3129 980 3172 oum
996 3113 1060 3174 lilio
1076 3112 1111 3173 dc

134 3195 226 3256 exilio
241 3197 414 3270 revocavit,
429 3197 543 3272 quique
557 3212 627 3257 cum
645 3196 681 3258 iis
697 3196 778 3272 pulsi
793 3203 888 3256 erant.

106 3288 120 3340 1
217 3278 295 3341 XXI.
339 3281 417 3340 Dum
438 3280 551 3342 bellum
573 3287 672 3340 autem
688 3281 779 3340 infert
798 3277 915 3354 patriae
930 3278 1040 3353 Cinna,
1062 3279 1111 3339 Cu.

133 3361 316 3438 Pompeius,
331 3361 434 3438 Magni
451 3372 549 3439 pator,
566 3365 654 3425 cuius
667 3365 826 3439 praeclara
840 3378 935 3437 opera
946 3362 1111 3423 beiloMar

136 3445 202 3508 sico
219 3447 386 3523 praecipue
402 3447 484 3508 circa
500 3448 645 3508 Picenum
660 3462 781 3523 agrum,
802 3454 836 3507 ut
850 3444 1111 3523 praescripsimus
