2340 3946
184 202 227 265 52
459 201 499 260 M.
516 201 663 261 *vatam
681 201 897 263 PATERCULI

159 357 174 409 1
269 353 329 412 LX.
369 353 435 412 Non
458 352 599 428 placebat
617 351 707 413 Atiae
727 353 814 412 matri
833 351 1017 428 Philippoqu

187 436 263 498 adiri
277 451 388 497 nomen
402 436 574 496 invidiosae
588 435 892 510 fortunaecaesaris‚
909 437 966 495 sed
981 437 1020 495 ad

180 519 332 580 vsalutaria
349 518 535 594 reipublicae
555 526 765 593 terrarumque
787 519 871 580 orbis
892 522 954 579 lata
976 536 1019 578 coi

104 610 107 627 ‘
160 607 501 678 aconservatoremque
515 603 644 663 Romani
659 602 800 663 nominis.
833 602 956 678 Sprevit
970 603 1019 662 ita«

187 686 272 748 lestis
298 685 417 747 animus
443 687 575 747 humana
596 685 724 747 consilia
752 694 876 746 etcum
901 687 1019 761 pericul

189 787 308 831 summa
323 778 485 846 quamtuto
496 771 621 830 humilia
632 770 1019 846 proposuitsequimaluitq

189 855 257 915 culo
270 861 301 915 et
313 855 436 915 Caesari
449 855 488 914 de
499 868 534 916 se
546 869 636 928 quarn
650 852 758 915 vitrico
770 854 911 927 credere,
929 852 1019 914 dictio

189 954 275 1011 esse,
292 955 353 1014 quo
368 939 491 999 nomine
498 937 620 998 caesari
628 937 936 1013 dignuscssetvisus‚
954 953 1019 997 sem

160 1023 285 1089 avideri
299 1023 465 1098 indignum.
485 1022 575 1081 Hunc
590 1021 728 1096 protinus
742 1022 894 1082 Antonius
909 1023 1017 1081 consul

190 1106 303 1181 excipit
317 1114 432 1181 (neque
446 1105 472 1165 is
485 1113 550 1177 erat
565 1111 771 1180 contemptus,
789 1106 846 1165 sed
857 1109 968 1175 metus)
983 1105 1019 1164 vi:

189 1189 285 1250 misso
301 1188 541 1264 inPompeianos
556 1188 662 1248 hortos
674 1186 820 1264 loquendi
836 1195 1019 1263 secumtemp

189 1289 262 1333 mox
277 1271 367 1332 etiarn
382 1274 465 1332 velut
483 1269 601 1332 insidiis
622 1273 688 1332 eius
709 1272 821 1348 petitus
841 1273 973 1332 sceleste
993 1273 1019 1330 in

161 1356 306 1430 accepit,
322 1355 351 1414 in
365 1373 426 1431 quo
441 1354 570 1431 turpiter
582 1355 848 1437 deprehensaeius
855 1356 974 1416 vanitas
982 1372 1016 1415 es

191 1439 302 1499 deinde
316 1439 430 1499 Antoni
448 1455 484 1499 ac
498 1440 674 1500 Dolabellae
697 1440 856 1500 consulum
874 1440 913 1498 ad
934 1442 1019 1498 nelan

189 1523 385 1583 minationem
407 1523 506 1599 erupit
530 1524 624 1585 luror.
672 1523 849 1585 Sestertium
875 1523 1011 1597 septiens

191 1607 366 1680 depositum
384 1623 402 1667 a
425 1608 456 1668 C.
472 1607 603 1668 Caesare
627 1609 666 1667 ad
681 1609 787 1667 aedem
805 1607 893 1681 Opis,
921 1623 1018 1680 occup

190 1691 342 1762 Antoni03
363 1699 500 1753 actorum
522 1693 659 1752 eiusdem
674 1690 796 1752 insertis
817 1691 902 1750 lalsis
926 1697 1019 1764 [repat

190 1773 336 1848 libusque
350 1776 485 1849 corrupti
500 1776 705 1835 commentarii
719 1781 811 1848 atque
822 1772 924 1832 ornnia
939 1775 1015 1848 preti

162 1864 256 1928 5rata
270 1858 424 1918 vendente
437 1858 655 1932 rempublicam
671 1858 807 1917 consule.
833 1857 917 1916 Idem
930 1858 1019 1931 provi

151 1944 154 1949 '
189 1941 284 2000 Bruto
299 1940 460 2015 designato
475 1941 595 2000 consuli
616 1940 769 1999 decretam
785 1939 911 1998 Galliam
932 1955 1019 2014 occup

188 2025 259 2097 tuit,
274 2024 432 2084 Dolabella
445 2023 663 2083 transmarinas
684 2022 820 2082 decrevit
833 2020 906 2080 sibi:
927 2022 1019 2095 intere

189 2106 292 2168 raliter
307 2106 526 2167 dissimillimos
542 2122 578 2166 ac
593 2107 715 2165 diversa
734 2105 864 2165 volentis
880 2106 1019 2166 creseeba

190 2205 291 2264 eoque
317 2191 347 2249 c.
381 2190 492 2249 Caesar
522 2187 640 2248 iuvenis
673 2189 833 2250 cotidianis
861 2190 974 2249 Antoni
1010 2208 1019 2265 1

190 2272 320 2332 insidiis.

161 2369 176 2419 1
271 2355 344 2416 LXI.
379 2356 533 2432 Torpebat
544 2373 697 2433 oppressa
709 2356 1019 2418 dominationeAnton

188 2437 355 2514 indignatio
368 2447 399 2501 et
410 2441 499 2502 dolor
510 2442 668 2514 omnibus,
680 2441 727 2500 vis
739 2441 779 2499 ad
793 2440 1019 2503 resistendumr

188 2531 251 2597 rat,
266 2539 335 2584 oum
343 2524 496 2586 C.Caesar
507 2524 768 2586 undevicesimum
784 2542 896 2586 annum
908 2526 1019 2600 ingresi

190 2624 285 2692 ausus
299 2623 336 2668 ac
351 2625 469 2670 summa
485 2616 669 2671 consecutus
680 2608 798 2682 privato
814 2608 943 2670 consilio
958 2610 1017 2667 nrai

115 2755 118 2760 ,
189 2699 263 2752 natu
277 2708 334 2766 pro
349 2693 508 2765 republica
522 2692 654 2752 animum
674 2690 780 2752 habuit
799 2692 991 2767 primumque
1012 2711 1019 2751 a

189 2773 428 2834 rnoxacasilino
442 2781 606 2837 veteranos
622 2774 734 2834 excivit
744 2784 906 2850 paternos;
923 2792 1019 2851 quoru

190 2857 274 2932 plum
300 2856 398 2918 secuti
425 2858 475 2918 alii
495 2857 581 2919 brevi
602 2859 632 2917 in
655 2859 781 2918 lormam
797 2858 867 2920 iusti
890 2861 1019 2920 coieree

71 2995 73 2999 ,
161 2940 263 3002 aMox
278 2956 346 3002 cum
360 2940 513 3003 Antonius
529 2943 715 3003 occurrisset
728 2943 887 3018 exercitui,
911 2960 1000 3019 quem
1017 2972 1019 2992 ι

190 3023 314 3086 marinis
345 3026 513 3102 provinciis
536 3025 741 3087 Brundusium
773 3029 878 3088 venire
908 3026 1019 3088 iussere

189 3107 451 3186 Martiaetquarta
466 3109 587 3184 cognita
601 3116 632 3170 et
644 3118 768 3172 senatus
784 3114 938 3173 voluntate
953 3120 983 3171 et
996 3119 1019 3171 ta

189 3192 237 3252 nis
258 3193 375 3267 indole,
395 3192 524 3255 sublatis
545 3193 642 3268 signis
663 3195 702 3254 ad
724 3194 886 3255 Caesarem
913 3210 948 3254 se
969 3212 1019 3256 cor

163 3275 267 3337 tEum
285 3284 412 3338 senatus
430 3272 614 3338 honoratum
634 3276 769 3352 equestri
783 3286 897 3353 statua,
920 3279 1019 3353 quael

189 3357 220 3418 in
231 3359 340 3421 rostris
352 3360 455 3435 posita
464 3368 593 3422 aetatem
604 3361 671 3422 eius
683 3362 836 3438 scriptura
846 3361 975 3436 indicat,
991 3368 1019 3436 (c

115 3451 118 3456 ·
190 3459 251 3504 non
269 3442 320 3504 alii
337 3459 393 3519 per
407 3451 561 3506 trecentos
577 3461 676 3506 annos
693 3463 785 3522 quam
799 3445 832 3505 L.
849 3445 953 3508 Sullae
969 3448 1019 3506 etl
