2340 3946
182 232 223 299 16
458 231 499 291 Μ.
516 230 658 290 VELLEI
671 229 887 290 PATERCULI

182 383 279 444 civilis
294 380 451 455 sanguinis
466 380 700 454 gladiorumque
711 379 898 454 impunitatis
907 380 975 439 tuit:
988 380 1062 439 inde
1078 379 1160 443 iusvt

182 469 321 528 obrutum
336 463 551 540 patentiorque
564 462 686 522 habitus
702 463 786 536 prior
800 462 1039 538 discordiaeque
1051 463 1136 524 civiu

182 558 270 611 antea
287 546 517 609 condicionibus
533 546 634 605 sanari
649 546 757 605 solitae
772 547 854 605 terro
869 546 1056 608 diiudicatae
1071 549 1160 607 belia·

153 661 169 715 4
183 649 243 709 que
258 649 319 693 non
335 633 436 692 causis
457 631 531 690 inita
546 630 603 689 sed
617 637 707 703 prout
721 644 827 688 eorum
841 645 960 690 merces
976 631 1042 691 tuit.
1078 631 1160 705 Quod

182 718 264 777 haud
279 717 386 776 mirum
402 721 465 783 est;
488 730 549 774 non
569 714 647 773 enim
664 713 706 772 ibi
721 714 892 773 consistunt
906 716 1071 788 exempta,
1082 715 1162 774 unde

183 807 363 876 coeperunt,
386 800 442 858 sed
465 797 629 871 quamlibet
639 796 671 856 in
684 804 806 856 tenuem
819 804 944 873 recepta
954 799 1110 858 tramitem
1126 801 1160 858 la·

181 885 298 944 tissime
314 882 464 956 evagandi
489 881 547 940 sibi
568 882 647 940 viam
676 880 791 940 iaciunt
818 888 848 941 et
876 881 928 940 ubi
956 884 1054 941 semei
1080 890 1161 943 recto

183 971 353 1028 deerratum
370 973 425 1037 est,
448 966 478 1023 in
493 978 644 1038 praeceps
661 964 836 1038 pervenitur
850 980 908 1024 nec
924 966 1093 1040 quisquam
1111 966 1159 1026 sibi

183 1059 268 1127 putat
281 1059 380 1125 turpe,
396 1049 481 1124 quod
495 1049 544 1106 aiii
561 1047 616 1107 init
631 1050 831 1108 tructuosum.

155 1157 169 1208 1
266 1135 318 1194 IV.
362 1133 482 1193 interim
498 1132 570 1190 dum
582 1132 662 1191 haec
680 1132 709 1190 in
728 1133 813 1192 Italia
832 1140 990 1205 geruntur,
1011 1134 1159 1194 Aristoni·

184 1236 249 1291 cus,
273 1219 324 1291 qui
338 1225 457 1276 mortuo
472 1231 546 1288 rege
557 1217 673 1289 Attalo,
693 1231 711 1274 a
727 1232 788 1290 quo
802 1215 879 1274 Asia
894 1217 1009 1290 populo
1024 1216 1159 1277 Romano

183 1301 351 1360 hereditate
365 1300 470 1359 relicta
485 1308 557 1373 erat,
574 1301 653 1359 sicut
666 1300 771 1359 relicta
787 1306 896 1373 postea
911 1307 958 1359 est
971 1300 1160 1360 aNicomedc

183 1383 336 1460 Bithynia,
351 1385 492 1444 mentitus
511 1384 613 1457 regiae
628 1383 732 1456 stirpis
748 1382 903 1459 originem,
919 1383 1011 1442 armis
1028 1399 1101 1444 earn
1119 1400 1160 1445 oc-

185 1474 364 1542 cupaverat,
394 1467 420 1526 is
451 1468 548 1526 victus
580 1465 658 1525 aM.
684 1466 838 1540 Perperna
864 1468 1039 1541 ductusque
1058 1467 1090 1526 in
1119 1467 1162 1528 tri

185 1551 309 1625 umpho,
327 1552 383 1610 sed
399 1568 417 1610 a
431 1551 480 1611 Μ’.
494 1550 627 1625 Aquilio,
645 1550 743 1625 eapite
759 1565 875 1623 poenas
887 1550 979 1620 dedit,
995 1566 1068 1610 eum
1084 1553 1161 1611 initio

184 1636 254 1695 beiti
267 1627 409 1694 Crassum
424 1633 613 1706 Mucianum,
636 1632 734 1692 virum
756 1633 829 1692 iuris
844 1634 1094 1708 scientissimum,
1117 1635 1160 1694 de

160 1720 343 1783 credentem
367 1734 406 1777 ex
427 1719 503 1778 Asia
519 1717 733 1792 proconsulem
747 1717 959 1776 interemisset.
969 1720 981 1809 Ι
993 1717 1032 1778 Et
1046 1717 1079 1776 P.
1104 1718 1162 1778 Sc'

184 1804 236 1877 pio
250 1801 618 1872 AfricanusAemiiiauuS,
635 1800 686 1872 qui
694 1799 904 1873 Carthaginem
915 1801 1082 1874 deleverat,
1098 1819 1133 1876 p·
1144 1825 1153 1838 υ

185 1893 229 1946 tot
241 1890 385 1958 acceptas
400 1882 779 1942 cireaNumantiamciadis
796 1890 916 1942 creatus
931 1884 1040 1943 iterum
1058 1884 1158 1945 consui

138 1996 141 2001 ·
185 1970 362 2041 missusque
382 1965 412 2024 in
431 1965 607 2040 Hispaniam
631 1966 768 2024 fortunae
788 1966 953 2040 virtutique
973 1976 1125 2041 expertae
1136 1969 1157 2027 in

185 2052 290 2111 Airiea
304 2049 465 2124 respondit
479 2048 508 2107 in
521 2048 677 2120 Hispania,
695 2054 725 2106 et
738 2048 816 2107 intra
831 2064 941 2109 annum
959 2066 995 2109 ac
1009 2051 1065 2111 tris
1086 2067 1156 2111 mer

187 2135 244 2206 sis,
268 2149 359 2206 quam
374 2148 411 2191 eo
427 2139 565 2203 venerat,
582 2131 797 2191 circumdatam
813 2133 959 2206 operibus
974 2134 1155 2196 Numantiam

159 2218 386 2288 sexeisamque
407 2215 551 2289 aequavit
571 2215 666 2307 solat
683 2214 746 2274 Nee
769 2216 933 2291 quisquam
952 2217 1045 2278 nitius
1068 2219 1151 2293 gen'

187 2299 341 2360 hominum
361 2305 430 2358 ante
451 2314 520 2359 eum
539 2297 667 2358 clariore
682 2299 802 2358 urbium
817 2301 937 2360 excidio
951 2317 1064 2361 nomen
1080 2316 1155 2364 suum

187 2391 355 2458 perpetuae
375 2383 596 2442 commendavit
620 2382 800 2453 memoriae3
832 2385 947 2459 quippe
967 2386 1077 2446 excisa
1099 2387 1155 2446 Gar

186 2468 309 2540 thagine
323 2482 360 2525 ac
376 2467 536 2533 Numantia
557 2467 595 2526 ab
611 2467 733 2527 atterius
749 2484 805 2527 nos
819 2474 914 2541 metu,
929 2469 1055 2529 alterius
1070 2466 1156 2528 vindi

159 2564 175 2612 4
188 2552 267 2611 cavit
280 2551 479 2611 eontrnneliis.
502 2551 567 2622 Hic,
583 2565 652 2608 eum
664 2550 867 2624 interrogante
883 2551 1003 2611 tribuno
1017 2552 1157 2621 Carbone

189 2636 263 2709 quid
279 2637 317 2694 de
330 2635 373 2692 Ti.
390 2633 518 2692 Gracchi
534 2633 629 2691 caede
645 2634 778 2706 sentiret,
801 2633 969 2709 respondit,
991 2637 1019 2694 si
1034 2636 1062 2696 is
1079 2650 1156 2697 occe

190 2719 310 2793 pandoe
330 2717 515 2791 reipublicae
539 2716 670 2775 animum
691 2717 864 2791 habuisset,
886 2720 951 2777 iure
975 2722 1156 2791 caesum3et

190 2818 258 2860 cum
280 2800 379 2859 omnis
398 2801 498 2859 contio
521 2801 736 2860 acclamassem
759 2800 901 2875 hostiurn,
916 2802 1023 2876 inquit,
1040 2810 1166 2863 armato

189 2901 255 2943 rum
275 2883 388 2944 totiens
407 2885 539 2942 elamore
560 2898 620 2941 non
636 2884 757 2945 territus
773 2885 826 2959 qui
844 2900 973 2959 possum
984 2895 1091 2948 vestro
1106 2904 1144 2946 m·

157 2980 174 3032 5
193 2969 265 3043 veri,
279 2984 409 3043 quorum
425 2982 558 3025 noverea
570 2975 618 3026 est
627 2968 733 3027 Italia?
753 2969 909 3028 Reversus
924 2969 955 3027 in
970 2970 1077 3029 urbem
1093 2970 1160 3030 intra

189 3055 283 3113 breve
298 3061 435 3125 tempus,
448 3050 498 3108 Μ’.
515 3050 649 3125 Aquilio,
668 3053 698 3112 C.
715 3051 896 3126 Sempronio
913 3053 1104 3128 constuibus,
1118 3053 1160 3114 ab

161 3394 177 3446 6
193 3386 337 3469 elisarum
351 3383 483 3444 faucium
498 3384 527 3443 in
551 3386 671 3444 cervice
685 3385 891 3459 reperirentur
906 3395 1006 3446 notae.
1036 3388 1081 3447 De
1095 3395 1157 3447 tan

177 3516 179 3520 .
192 3469 248 3526 viri
263 3474 359 3528 morte
375 3470 457 3528 nulla
471 3468 784 3544 habitaestquaestio,
796 3469 924 3546 eiusque
940 3486 1055 3547 corpus
1070 3473 1139 3530 veta
