2370 3946
139 189 183 250 24
406 187 447 245 Μ.
470 187 611 246 VELLEI
631 187 846 248 PATERCULI

131 336 287 400 Romanis
308 337 399 397 fidem
418 338 580 412 praestitit,
601 344 635 397 ut
653 354 720 397 cum
742 337 863 412 legione
885 354 976 413 quam
997 339 1113 417 ipsein

140 422 276 496 Hirpinis
291 421 531 496 conscripserat,
552 422 777 481 Herculaneum
791 423 879 481 simul
896 438 964 482 cum
979 423 1011 481 Τ.
1027 425 1112 500 DidIo

142 512 274 578 caperet,
288 505 451 578 Pompeios
466 521 535 565 cum
544 505 577 563 L.
588 503 674 575 ¹Sulla
686 512 878 579 oppugnaret
890 506 1112 582 Compsamque

142 594 322 663 occuparet;
341 589 442 663 (culus
458 589 497 646 dc
512 587 670 657 virtutibus
686 603 754 648 cum
769 589 832 662 alil,
847 595 910 648 tum
925 588 1059 649 maxime
1070 591 1112 649 di-

140 673 240 731 lucide
256 671 289 744 Q.
304 672 484 732 Hortensius
499 672 529 730 iu
545 669 703 731 annalibus
725 672 790 732 suis
809 672 939 742 retulit3)
966 675 1055 733 culus
1073 674 1112 734 illi

142 753 245 828 pietati
265 757 386 828 plenam
407 757 540 829 populus
562 755 717 814 Romanus
743 757 869 829 gratiam
891 756 991 815 retulit
1014 754 1109 832 ipsum

139 836 249 897 vlritim
265 840 385 899 civitate
406 838 566 911 donando,
592 838 671 897 duos
694 839 773 899 tillos
796 839 862 899 eius
878 839 1011 899 creando
1028 855 1109 914 prae

107 932 125 986 3
139 928 233 995 toreS,
248 937 317 981 cum
332 922 398 982 seni
413 922 513 980 adhuc
529 913 711 981 crearentur.
736 921 808 981 Tam
821 921 906 982 varIa
921 928 1012 997 atque
1028 930 1109 983 atrox

141 1006 261 1065 fortuna
274 1005 368 1065 Italici
383 1003 453 1063 belli
469 1004 539 1079 luit,
564 1012 598 1065 ut
617 1020 673 1079 per
694 1003 845 1065 biennium
862 1006 1037 1075 continuum
1051 1007 1108 1067 duo

139 1089 268 1151 Romani
289 1089 448 1160 consulem
474 1087 605 1157 Rutilius
627 1103 664 1147 ac
684 1089 795 1147 deinde
816 1089 888 1160 Cato
909 1089 1049 1163 Porcius,
1073 1089 1108 1149 ab

139 1171 279 1232 hostibus
294 1171 520 1243 occiderentur,
536 1171 689 1230 exercitus
704 1172 809 1244 populi
824 1173 954 1232 Romani
968 1174 1068 1232 multis
1082 1173 1106 1232 iu

140 1255 217 1315 locis
232 1255 444 1327 funderentur,
465 1262 560 1329 utque
575 1255 612 1313 ad
629 1269 704 1328 saga
724 1253 818 1313 Iretur
832 1254 946 1329 diuque
961 1257 990 1315 in
1008 1272 1045 1316 eo
1060 1257 1106 1314 ha·

138 1337 203 1397 bitu
224 1342 406 1396 muneretur.
422 1337 533 1412 ·Caput
552 1338 659 1412 imperi
681 1338 727 1396 sui
742 1337 904 1397 CorfinIum
920 1339 1056 1412 legerant
1070 1345 1106 1398 at-

107 1427 200 1492 tque
221 1420 410 1493 appellarant
423 1421 565 1480 italicam.
592 1420 737 1479 Paulatim
754 1420 865 1480 deinde
885 1421 1061 1496 recipiendo
1081 1420 1107 1495 in

140 1500 290 1562 civitatem
304 1503 355 1577 qui
370 1519 454 1563 arma
469 1512 521 1564 aut
535 1519 596 1563 non
609 1511 753 1578 ceperant
767 1513 818 1564 aut
829 1505 1037 1578 deposuerant
1050 1520 1108 1563 ma·

138 1588 252 1659 tumus,
278 1585 360 1646 vires
384 1589 517 1648 relectae
541 1593 612 1647 sunt
631 1587 774 1662 Pompelo
797 1587 943 1664 Sullaque
967 1596 997 1647 et
1016 1587 1109 1646 Mario

138 1669 283 1730 fluentem
294 1673 605 1746 procumbentemque
617 1672 835 1745 rempublicam
846 1673 1011 1732 Romanam
1026 1668 1109 1730 resti·

138 1754 301 1812 tuentibus.
667 1779 669 1784 ·

107 1849 122 1898 1
201 1836 312 1894 ¹XVII.
333 1835 431 1895 Finito
447 1851 486 1894 ex
503 1836 633 1895 mamma
648 1841 750 1909 parte,
772 1836 831 1896 nisi
846 1854 906 1910 qua
921 1837 1028 1896 Nolani
1043 1832 1110 1895 belli

137 1917 301 1975 manebant
319 1917 482 1990 reliquiae,
510 1918 613 1975 Italico
634 1917 729 1988 bello,
755 1934 817 1990 quo
840 1917 962 1991 quidem
983 1913 1110 1978 Romani

137 1998 227 2060 vietis
247 1997 440 2073 adflictIsque
460 1997 521 2071 ipsi
541 1999 687 2058 exarmati
710 2014 801 2071 quam
827 2001 935 2072 integri
959 2001 1109 2060 universis

138 2083 286 2142 civitatem
296 2083 369 2141 dare
379 2083 556 2152 maluerunt,
564 2082 754 2140 consulatum
766 2081 1110 2156 inieruntQ.Pompeius

137 2170 168 2224 et
181 2165 214 2223 L.
231 2165 387 2225 Gemellus
409 2162 507 2236 Sulla,
532 2163 580 2221 viu
602 2163 654 2238 qui
674 2179 775 2238 neque
795 2165 835 2223 ad
855 2164 946 2223 finem
965 2165 1110 2226 victorIae

137 2246 213 2306 satis
238 2245 371 2320 laudari,
395 2263 497 2321 neque
523 2253 595 2320 post
617 2247 774 2306 victoriam
800 2248 921 2307 abunde
945 2246 1109 2322 vituperari

106 2346 123 2396 2
137 2336 248 2404 potest.
270 2331 327 2390 llic
342 2337 432 2391 natus
447 2329 560 2389 tamilla
574 2329 677 2404 nobili,
693 2337 800 2391 sextus
815 2348 834 2390 a
848 2330 987 2391 carnello
999 2332 1109 2392 Rufino

138 2414 190 2487 qui
210 2414 291 2473 bello
312 2413 420 2493 Pyrrhi
444 2414 522 2472 inter
543 2413 758 2475 celeberrimos
784 2414 882 2475 iuerat
905 2414 1016 2486 doceo,
1043 2430 1109 2474 cum

138 2496 269 2557 familiae
284 2497 350 2558 eius
366 2497 514 2558 claritudo
530 2497 703 2557 intermissa
718 2505 815 2570 esset,
833 2498 885 2556 diu
899 2496 940 2557 ita
955 2513 990 2557 se
1004 2497 1108 2572 gessit,

136 2586 170 2640 ut
183 2581 297 2644 nullam
311 2582 434 2656 petendi
455 2582 646 2642 consulatum
664 2580 877 2654 cogitationem
899 2581 1012 2640 habere
1027 2580 1109 2639 vide·

104 2671 231 2729 aretur:
259 2664 370 2724 deinde
390 2670 462 2738 post
481 2669 653 2737 praeturam
675 2663 851 2722 Inlustratus
866 2663 946 2724 bello
961 2664 1066 2723 Italico
1082 2667 1110 2722 ct

136 2752 207 2804 ante
226 2745 256 2803 in
274 2746 369 2805 Gallia
389 2745 540 2819 legatione
561 2746 618 2805 sub
632 2744 744 2820 Mario,
771 2763 832 2820 qua
853 2745 1110 2807 eminentIssimos

136 2827 233 2886 duces
247 2826 379 2886 hostium
394 2828 527 2900 fuderat,
547 2844 585 2893 ex
600 2844 750 2889 successu
764 2830 896 2890 animum
912 2831 1043 2904 sumpsit
1057 2844 1109 2904 pe

135 2917 267 2982 tensque
275 2912 465 2972 consulatum
473 2926 572 2985 paene
584 2910 716 2972 omnium
724 2911 834 2973 clvium
846 2912 999 2988 suffragiis
1012 2915 1109 2973 tactus

135 3001 199 3062 est;
225 2993 283 3053 sed
300 3009 369 3055 eum
389 2994 538 3054 honorem
551 2994 889 3071 undequinquagesimo
905 2995 1012 3056 aetatis
1035 3008 1110 3055 suae

135 3092 216 3137 anno
231 3077 397 3138 adsecutus
412 3085 468 3136 est.

103 3180 120 3232 1
212 3160 320 3221 XVIII.
354 3160 413 3220 Per
433 3175 470 3219 ea
491 3166 630 3234 tempora
649 3160 855 3235 Mithridates,
880 3160 1023 3221 PontIcus
1045 3175 1110 3232 rex,

134 3243 181 3303 vir
195 3258 297 3317 neque
312 3244 449 3303 silendus
463 3259 565 3318 neque
579 3244 728 3303 dicendus
744 3244 811 3327 siue
827 3259 913 3318 cura,
929 3243 1009 3304 bello
1025 3259 1109 3303 acer-

132 3326 243 3400 rimus,
258 3326 368 3386 virtute
383 3326 528 3400 eulmine,
544 3327 707 3401 aliquando
723 3328 858 3401 fortuna,
874 3341 996 3402 semper
1008 3324 1109 3386 auimo

132 3410 298 3482 maximus,
321 3408 456 3470 consiliis
480 3411 557 3482 dux,
578 3411 665 3469 miles
687 3425 793 3485 manu,
816 3409 887 3470 odio
908 3411 938 3468 in
953 3411 1110 3470 Romanos
