2340 3946
141 218 185 284 80
412 216 452 275 Μ.
472 215 614 276 VELLEI
631 213 850 275 PATERCULI

143 368 228 443 operi
244 364 448 442 praeparabat
462 371 589 439 eratque
605 362 694 423 etiam
707 380 744 423 eo
760 364 929 437 timenduS‚
948 383 971 439 q¹

143 451 335 514 Germaniam
355 446 395 508 ad
416 450 534 508 laevam
550 457 580 509 et
600 448 630 508 iu
646 448 760 522 fronte,
782 447 971 507 Pannoniam

140 545 231 610 tram,
253 550 273 594 a
287 542 373 608 tergo
389 533 509 593 sedium
523 547 648 593 suarum
661 530 789 591 haberet
803 531 949 606 Noricos,

109 620 171 681 ain
193 619 293 681 omnis
316 633 439 692 semper
459 624 612 677 venturus·
627 615 665 676 ab
687 614 830 676 omnibus
855 616 971 676 timeba‘

140 719 281 765 securam
302 703 480 763 incrementi
501 700 549 762 sui
571 698 744 774 patiebatur
766 715 837 759 esse
851 699 969 760 ltaliam

141 805 210 849 oum
225 805 243 847 a
258 789 384 848 summis
399 785 523 861 Alpium
537 783 618 859 iugis
635 799 715 858 quae
730 784 822 842 finem
836 784 941 843 ltaliae
958 791 971 842 t

139 871 256 934 initium
269 873 335 933 eius
351 871 456 930 finium
470 869 553 930 haud
567 869 662 927 multo
678 868 748 942 plus
765 867 904 927 ducentis
920 870 972 926 mil

108 957 230 1018 tsuum
252 957 385 1016 abesset.
419 954 508 1014 Huno
531 953 628 1011 virum
651 958 681 1011 et
706 950 786 1010 hana
805 953 963 1026 regionem

139 1059 220 1102 anno
240 1039 373 1100 diversis
389 1054 406 1097 e
421 1037 559 1112 partibus
573 1037 616 1095 Ti.
633 1036 746 1096 Caesar
761 1036 889 1110 adgredi
904 1043 971 1097 stati

139 1127 181 1186 lio
198 1121 361 1185 Saturnino
378 1121 569 1194 mandatum,
588 1126 622 1179 ut
636 1135 692 1194 per
707 1119 820 1195 Cattos,
836 1119 952 1180 excisis
969 1149 971 1171 ι

139 1210 221 1270 libus
236 1206 398 1271 Heroiniae
412 1203 514 1279 silvis,
530 1204 669 1279 legiones
683 1204 922 1278 Boiohoemum‚
939 1205 971 1279 (it

142 1310 234 1368 quam
248 1288 629 1363 incolebantur-obponas,
645 1304 757 1347 nomen
773 1292 833 1360 est)
849 1290 917 1363 ipse
933 1293 971 1347 al

141 1377 193 1452 qui
208 1376 297 1434 locus
311 1372 414 1433 Norici
427 1371 514 1447 regni
530 1371 690 1448 proximus
706 1373 744 1433 ab
759 1373 818 1432 hac
834 1380 921 1448 parte
937 1389 971 1432 er

141 1459 247 1533 cilum,
272 1457 324 1533 qui
345 1458 376 1517 in
390 1457 513 1535 Illyrico
535 1458 685 1532 merebat,
708 1457 822 1517 ducere
843 1458 872 1516 in
888 1458 971 1517 lllaro

141 1559 232 1605 orsus
248 1549 305 1604 est.

114 1641 125 1691 t
221 1628 278 1688 CX.
311 1624 438 1702 Rumpit
453 1625 633 1701 [interdum]
650 1625 803 1688 interdum
816 1632 971 1700 moraturi

139 1712 296 1774 homiuum
312 1711 442 1771 fortuna.
474 1711 714 1786 Praeparaverat
734 1711 794 1771 iam
814 1710 971 1769 hiberna(

139 1797 313 1856 Danubium
335 1795 520 1868 admotoque
543 1796 678 1854 exercitu
699 1811 761 1854 non
782 1795 852 1869 plus
876 1811 968 1868 quam

141 1875 259 1936 dierum
276 1873 335 1936 iter
352 1893 370 1935 a
388 1875 493 1951 primis
512 1875 646 1936 hostium
658 1877 774 1953 [obertu
785 1880 971 1952 raptoresque

142 1958 341 2022 Saturninum
362 1959 530 2019 admovere
552 1960 724 2033 placuerat,
748 1976 847 2034 paene
862 1963 971 2036 aequal

141 2043 303 2104 intervallo
324 2041 363 2102 ab
380 2042 473 2102 hoste
494 2039 573 2100 intra
589 2058 708 2117 paucos
731 2042 847 2104 diesin
867 2046 971 2119 praedi

144 2143 212 2186 oum
237 2127 367 2187 Caesare
390 2124 549 2184 iuncturae
568 2132 670 2199 erant,
693 2142 762 2186 cum
784 2128 928 2189 universa
954 2129 971 2187 l

142 2208 971 2283 insolenslongaepaoisbonis,etadultaviribusDolmo

137 2291 285 2365 bus[que]
297 2295 412 2351 tractus
424 2292 490 2352 eius
502 2291 644 2367 gentibus
659 2295 689 2354 in
705 2296 884 2356 societatem
895 2297 971 2357 adda

105 2387 123 2438 a
139 2373 187 2435 sili
202 2389 286 2434 arma
301 2374 456 2449 corripuit.
489 2376 563 2437 Tum
579 2381 758 2440 necessaria
772 2380 917 2455 gloriosis
934 2399 972 2456 pr

61 2530 62 2535 γ
137 2474 239 2535 neque
260 2465 357 2519 lutum
379 2460 479 2521 visum
501 2461 604 2523 abdito
625 2463 655 2521 in
676 2464 821 2524 interiora
842 2467 971 2526 exercitt

105 2551 197 2606 etam
218 2543 320 2605 vicino
342 2543 424 2605 hosti
444 2544 619 2620 relinquere
633 2545 758 2607 Italiam.
792 2549 931 2608 Gentium
953 2569 971 2609 n

140 2644 215 2703 qua,
240 2644 319 2704 quae
339 2628 576 2700 rebellaverant,
599 2630 697 2689 omnis
718 2647 863 2693 numerus
878 2635 971 2710 ampli

138 2712 238 2786 gentis
253 2712 375 2773 milibus
391 2712 549 2789 explebal;
566 2712 698 2772 ducenta
710 2715 774 2774 lere
788 2716 923 2790 peditum
937 2734 971 2778 oo

105 2805 123 2856 4
137 2803 186 2855 tur
200 2796 292 2856 armis
306 2796 433 2870 habilia,
454 2795 589 2871 equilum
605 2811 726 2858 novam.
756 2798 849 2860 cuius
864 2801 971 2862 immeo

137 2878 291 2954 titudinis,
307 2881 443 2955 parentis
457 2879 613 2940 acerrimis
629 2897 666 2940 ao
680 2882 971 2958 peritissimis·duoil

137 2972 242 3038 petere
263 2964 379 3024 ltaliam
400 2963 579 3023 decreverat
598 2964 732 3027 iunctam
752 2967 811 3030 sibi
828 2969 971 3045 Nauporti

136 3046 233 3121 gestis
248 3045 398 3121 confinio,
425 3063 498 3122 pars
520 3047 550 3106 in
565 3048 778 3113 Macedoniam
799 3069 835 3113 se
856 3053 971 3115 effuder

138 3131 203 3193 suis
218 3130 346 3192 sedibus
360 3129 549 3206 praesidium
566 3148 638 3195 esse
655 3137 872 3199 destinaverat.
894 3139 971 3200 Max

104 3215 193 3276 obus
218 3212 389 3277 Batonibus
416 3230 452 3274 ao
475 3214 593 3278 Pinneti
618 3219 750 3282 ducibus
777 3221 943 3284 auctoritas

137 3296 278 3359 omnibus
300 3301 401 3358 autem
421 3297 585 3363 Pannoniis
607 3319 669 3364 non
692 3304 874 3382 disciplinae
899 3317 971 3369 tanti

137 3383 193 3444 sed
208 3380 332 3457 linguae
348 3399 471 3459 quoque
486 3384 592 3448 notitia
606 3389 779 3464 Romanae,
796 3389 953 3468 plerisque
969 3419 971 3446 ι

135 3473 352 3528 terarumusus
364 3475 394 3530 et
406 3469 562 3532 familiaris
575 3488 727 3535 armorum
739 3476 971 3539 eratexeroitati
