2370 3946
144 185 212 283 'aa
400 165 402 169 ⁵
444 219 483 277 n.
506 217 647 278 vannat
668 218 884 281 etruscum

170 373 254 436 baris
278 388 423 433 numerus
449 386 541 446 suus,
567 371 608 432 ita
632 369 747 431 fiducia
769 371 893 444 virium,
919 377 954 433 ut
974 371 1155 451 ubicunque

172 459 284 519 Caesar
295 464 393 530 esset,
406 455 479 515 nihil
489 455 568 529 inse
578 461 773 530 reponerent.
794 453 868 515 Pars
881 453 1035 518 exercitus
1044 473 1159 520 eorum

171 539 332 617 proposita
342 539 479 615 ipsiduci
488 540 540 617 [et]
552 536 755 600 adarbitrium
775 538 996 615 utilitatemque
1013 551 1155 603 nostram

171 632 322 685 macerata
333 624 544 698 perductaque
556 622 596 682 ad
603 620 788 682 exitiabilem
801 623 911 682 famem
919 638 1022 699 neque
1037 625 1155 687 instau-

168 709 207 769 tis
233 707 386 768 sustinere
411 722 513 783 neque
539 722 608 766 cum
634 706 815 766 facientibus
842 707 963 782 copiam
992 710 1152 784 pugnandi

169 791 430 867 dirigentibusque
456 789 553 852 aciem
579 804 656 850 ausa
682 787 844 864 congredi,
871 796 1023 866 occupato
1048 800 1152 855 monte

138 875 294 938 aclaudio
309 874 476 935 munitione
490 889 525 934 se
540 872 684 934 defendit.
716 875 807 934 Alea
821 877 909 949 pais,
933 891 1013 949 quae
1028 877 1151 938 obviam

168 976 203 1020 se
218 958 369 1020 effuderat
382 956 544 1030 exercitui,
561 973 652 1032 quem
667 959 704 1017 A.
718 957 848 1018 Caecina
862 964 892 1019 et
906 956 1051 1020 Silvanus
1062 960 1149 1021 Plau·

166 1043 227 1103 tius
253 1042 433 1104 consulares
458 1057 498 1100 ex
522 1039 733 1101 transmarinis
757 1041 951 1101 adducebant
971 1043 1149 1118 provinciis,

168 1127 352 1187 circumfusa
369 1125 505 1201 quinque
520 1124 690 1199 legionibus
705 1125 821 1192 nostris
842 1123 1108 1203 auxiliaribusque
1121 1135 1149 1189 et

167 1210 313 1286 equitatui
328 1208 413 1284 regio
429 1207 560 1284 (quippe
575 1223 716 1282 magnam
726 1207 877 1268 Thracum
890 1224 1012 1273 manum
1027 1210 1148 1274 iunctas

165 1293 330 1368 praedictis
352 1292 481 1353 ducibus
495 1291 743 1362 Rhoemetalces,
764 1291 911 1352 Thraciae
925 1308 995 1365 rex,
1017 1293 1050 1354 iu
1063 1295 1148 1356 adia·

165 1376 274 1436 lorium
290 1376 357 1435 eius
372 1375 444 1435 belli
455 1391 561 1436 secum
575 1374 727 1446 trahebat)
741 1391 841 1450 paene
852 1375 1038 1437 exitiabilem
1053 1378 1148 1440 omui-

164 1459 223 1519 bus
240 1459 359 1518 cladem
373 1459 486 1519 intuitu
500 1460 603 1533 fugata
614 1463 769 1534 regiorum
780 1461 934 1536 equestris
946 1461 1046 1534 acies,
1063 1463 1148 1537 fuga-

165 1550 214 1605 tae
235 1544 317 1616 alae,
340 1558 511 1604 conversae
533 1542 677 1605 cobortes
699 1549 785 1617 sunt,
805 1544 890 1618 apud
911 1543 1000 1618 signa
1022 1561 1148 1623 quoqne

137 1627 318 1702 blagionum
338 1626 531 1703 trepidatum.
569 1625 631 1688 Sed
645 1625 776 1688 Romani
796 1625 891 1687 virtus
906 1626 1008 1688 militis
1023 1630 1095 1705 plus
1109 1645 1148 1690 eo

165 1718 304 1787 tempore
330 1712 495 1772 vindicavit
519 1709 636 1787 gloriae
662 1725 753 1786 quam
778 1711 909 1771 ducibus
931 1709 1069 1787 reliquit,
1096 1709 1149 1788 qai

166 1796 409 1855 mullumamore
417 1793 609 1870 imperatoris
616 1793 665 1854 sui
673 1792 885 1869 discrepantes
892 1801 963 1855 ante
978 1794 1009 1854 in
1026 1795 1148 1858 hostem

164 1875 349 1949 inciderunt,
366 1892 456 1951 quam
477 1892 533 1950 per
543 1876 769 1950 exploratores,
784 1877 837 1937 ubi
857 1877 956 1938 hostis
975 1885 1075 1952 esset,
1096 1894 1147 1941 cc·

135 1966 355 2034 agnoscerent.
376 1956 1149 2037 Tumigitnrindubiisrebuasemetipsaelegioues

164 2043 357 2116 adhortatae,
373 2041 516 2117 iugulatis
531 2041 569 2100 ab
581 2041 862 2116 hostequibusdam
870 2042 999 2104 tribunis
1010 2045 1149 2120 militum,

165 2128 346 2201 interempto
362 2126 518 2202 praelecto
534 2132 704 2185 castrorum
724 2125 951 2202 praefectisque
966 2127 1149 2204 cohortium,

164 2205 224 2269 non
240 2209 406 2269 incruentis
421 2208 666 2283 centurionibus,
688 2224 706 2268 e
722 2209 833 2284 quibus
848 2211 939 2271 etiam
961 2211 1050 2286 primi
1064 2212 1148 2275 ordi·

164 2307 219 2352 nes
244 2292 399 2367 cecidere,
425 2292 568 2353 invasere
591 2292 690 2354 hostis
715 2308 773 2354 nec
798 2294 984 2355 sustinuisse
1009 2295 1148 2359 contante

165 2382 310 2451 perrupta
325 2391 431 2438 eorum
447 2376 512 2437 acie
527 2392 567 2437 ex
574 2377 729 2453 insperato
737 2376 895 2438 victoriam
902 2378 1147 2441 vindicaverant.

134 2455 229 2520 'filoa
251 2460 315 2520 fere
329 2466 468 2537 ternpore
481 2462 635 2538 Agrippa,
656 2461 709 2538 qui
725 2461 835 2521 eodem
857 2461 907 2522 die
929 2477 991 2537 quo
1005 2462 1149 2525 Tiberius

162 2543 326 2620 adoptatus
341 2544 380 2605 ab
396 2560 455 2606 avo
470 2561 527 2605 suo
543 2546 671 2606 naturali
686 2551 750 2605 erat
764 2550 794 2604 et
814 2543 873 2604 iam
889 2553 960 2607 ante
978 2544 1149 2621 biennium,

164 2629 264 2702 qualis
280 2636 379 2702 esset,
396 2644 547 2705 apparere
563 2636 722 2703 coeperat,
739 2625 815 2688 mira
832 2629 982 2703 pravitate
995 2629 1088 2691 animi
1101 2640 1148 2692 aa·

163 2726 224 2784 que
237 2710 341 2786 ingeni
356 2711 386 2769 in
403 2708 583 2786 praecipitia
598 2726 766 2771 conversus
782 2711 878 2786 patris
894 2707 1148 2787 atquc‘efusdem

162 2793 211 2851 avi
226 2793 274 2853 sui
289 2793 421 2854 animum
433 2793 576 2854 alienavit
590 2793 648 2855 sibi
663 2809 798 2869 moxque
810 2796 1018 2858 crescentibus
1032 2796 1065 2857 in
1077 2797 1148 2859 dies

161 2874 241 2936 vitiis
254 2876 378 2951 dignum
394 2878 497 2938 furore
512 2893 569 2939 suo
584 2877 691 2938 habuit
704 2879 825 2938 exitum.

133 2970 147 3021 t
247 2959 347 3020 cxlii.
369 2961 762 3036 Accipenunc‚M.Vinicl‚
776 2961 1147 3039 tantuminbeflcducem,

164 3052 309 3118 quantum
322 3045 352 3104 in
364 3060 440 3120 pace
452 3045 539 3105 vides
552 3044 730 3121 principem.
753 3046 867 3107 functis
879 3045 1064 3108 exercitibus
1077 3047 1147 3123 qui·

164 3143 224 3202 que
238 3128 297 3189 sub
311 3127 443 3189 Caesare
458 3129 591 3202 fuerant,
614 3130 728 3205 quique
748 3130 788 3189 ad
803 3144 872 3188 eum
887 3135 1048 3203 venerant,
1071 3145 1147 3192 con-

163 3212 330 3286 tractisque
350 3211 381 3271 in
403 3219 583 3274 anacastra
604 3213 711 3275 decern
735 3211 922 3288 legionibus,
949 3214 1146 3289 septuaginta

163 3295 296 3370 amplius
311 3295 503 3371 cohortibus,
526 3298 632 3357 decern
653 3298 708 3359 alis
725 3302 755 3356 et
769 3295 907 3371 pluribus
923 3311 1015 3371 quam
1035 3298 1146 3361 decem

163 3384 377 3439 veteranorum
398 3378 535 3455 milibus,
556 3380 675 3441 adhoc
696 3395 805 3454 magno
827 3379 1068 3441 voluntariorum
1087 3398 1146 3443 na-

165 3476 248 3524 mero
269 3461 484 3542 frequentique
501 3465 602 3541 equite
617 3462 718 3539 regio,
731 3469 824 3535 ‚tanto
843 3463 976 3539 denique
994 3463 1145 3542 exercitu,
