2370 3946
267 215 476 278 msronntn
497 216 690 278 aonnnnn
711 219 754 294 n,
777 227 836 282 no.
1004 219 1045 282 ea

10 386 19 426 s
48 366 189 444 originis
215 385 316 444 usque
340 369 380 430 ad
403 376 524 432 sextum
545 371 738 431 consulatum
765 369 832 431 sine
855 371 1044 434 dubitatione

10 469 19 511 ι
48 452 190 515 Romani
205 452 338 514 nominis
352 453 488 515 habuere
502 453 687 530 principem,
703 460 734 515 et
749 453 802 529 qui
815 454 855 514 M.
867 455 964 517 Tullio
979 464 1046 518 tan-

10 537 20 593 'r
49 544 118 598 tum
140 534 295 610 tribuere,
323 543 357 597 ut
376 553 477 612 paene
500 536 716 599 adsentatione
737 555 795 599 sua
819 538 931 614 quibus
954 542 1047 602 vellet

10 637 20 676 r
50 617 251 696 principatus
273 620 466 695 conciliaret,
490 619 605 696 quique
626 620 701 681 nihil
716 620 826 682 Asinio
840 621 970 684 Pollioni
992 641 1044 685 ne-

50 711 224 780 gaverunt,
248 704 331 779 quod
346 703 546 766 nobilissimis
567 720 687 766 summo
707 721 776 765 cum
797 706 913 767 sudore
933 724 1044 769 conse-

10 788 19 841 i
51 788 217 864 quendum
232 787 325 862 foret,
349 789 489 862 prolecto
509 788 569 849 hoc
584 796 763 865 senserunt,
783 788 814 848 in
830 789 1043 866 cuiuscunque

10 886 18 927 r
51 871 162 932 animo
177 872 275 933 virtus
290 871 418 944 inesset,
433 871 462 932 ei
472 871 635 947 plurimum
647 888 719 934 esse
733 872 936 934 tribuendum.
958 875 1043 936 Haec
1057 881 1075 934 3

10 971 17 1009 t
50 953 207 1017 naturalis
221 954 355 1031 exempli
376 954 501 1016 imitatio
517 957 558 1016 ad
573 955 795 1033 experiendum
810 955 954 1018 Seianum
970 959 1042 1020 cae-

53 1055 178 1113 sarem,
201 1040 241 1100 ad
256 1039 392 1100 iuvanda
406 1056 481 1100 vero
501 1054 595 1101 onera
608 1039 759 1116 principis
777 1040 922 1102 Seianum
937 1051 1042 1117 protu-

10 1152 13 1161 ›
51 1124 102 1200 lit,
132 1131 338 1199 senatumque
360 1132 390 1185 et
410 1125 561 1200 populum
574 1125 746 1185 Romanum
764 1141 801 1186 eo
822 1124 981 1201 perduxit,
1009 1133 1043 1188 ut

52 1208 143 1284 qnod
166 1225 226 1269 usu
247 1207 394 1284 optimum
417 1206 579 1283 intellegit,
605 1206 638 1268 id
662 1207 693 1268 in
718 1211 843 1271 tutelam
868 1208 1041 1271 securitatis

50 1307 133 1353 suae
148 1290 280 1352 libenter
295 1292 437 1352 advocet.

142 1375 270 1435 CXXIX.
309 1375 371 1436 Sed
389 1374 549 1451 proposita
571 1376 661 1450 quasi
681 1375 827 1438 universa
850 1377 1072 1453 principatusl

48 1459 95 1520 Ti.
114 1458 258 1520 Caesaris
277 1460 382 1533 forma
403 1459 523 1535 singula
546 1474 774 1520 recenseamus.
810 1460 875 1534 Qua
894 1462 946 1523 ille
970 1479 1040 1538 pru·

50 1542 162 1605 dantia
176 1542 413 1619 Rhascupolim,
433 1542 681 1618 interemptorem
696 1543 797 1604 uanis
813 1544 862 1604 sui
876 1545 919 1604 fili
935 1545 1041 1624 Cotyis

48 1626 277 1702 consertisque
298 1626 436 1688 eiusdem
455 1625 579 1702 imperi,
604 1627 729 1688 Romam
750 1627 913 1688 evocavit?
936 1627 1040 1703 singu-

49 1710 111 1772 lari
126 1710 161 1770 in
175 1725 214 1771 eo
228 1710 351 1786 negotio
366 1727 443 1772 usus
459 1727 556 1787 opera
569 1710 671 1771 Flacci
684 1709 849 1786 Pomponi,
868 1712 1041 1772 consularis

50 1793 122 1869 viri,
140 1794 203 1854 nati
218 1795 258 1854 ad
273 1793 383 1870 omnia,
399 1811 479 1870 quae
492 1802 576 1856 reete
591 1793 731 1855 facienda
745 1803 831 1868 suut,
846 1793 1041 1871 simplicique

49 1878 170 1940 virtute
197 1877 342 1939 merentis
370 1894 507 1955 semper,
538 1895 695 1955 nunquam
724 1878 876 1955 captantis
902 1878 1040 1955 gloriam.

51 1963 133 2025 (lum
155 1969 268 2037 quanta
289 1961 437 2037 gravitate
456 1971 491 2024 ut
506 1972 630 2024 senator
644 1971 674 2025 et
693 1961 803 2036 iudex,
824 1980 887 2024 non
908 1971 942 2024 ut
958 1963 1072 2038 prin-a

51 2062 151 2122 ceps,
173 2051 213 2118 [et
232 2047 269 2106 de
284 2047 372 2107 rebus
389 2048 515 2122 publicis
528 2051 678 2124 sapienter
697 2049 853 2128 consuunt]
876 2053 906 2108 et
926 2063 1039 2108 causas

51 2127 198 2207 pressius
212 2129 318 2191 auditi
339 2129 434 2204 Quam
449 2131 589 2192 celeriter
601 2130 753 2207 ingratum
767 2139 798 2193 et
816 2148 898 2193 nova
912 2130 1039 2192 molien-

51 2223 116 2277 tem
141 2212 282 2290 [Dntsum
295 2213 445 2290 Libonem]
462 2213 640 2289 oppressitl
660 2214 775 2288 Quibus
796 2214 972 2291 praeceptis
993 2213 1039 2274 in-

53 2303 206 2361 structum
221 2295 434 2359 Germanicum
451 2313 541 2358 suum
557 2296 766 2372 imbutamque
785 2299 967 2360 rudimentis
983 2296 1052 2358 mi·

52 2382 141 2444 litiae
158 2396 263 2442 secum
277 2389 365 2442 actae
381 2379 563 2443 domitorem
577 2379 695 2454 recepit
706 2379 908 2443 Germaniael
922 2382 1038 2456 Quibus

52 2466 210 2528 iuventam
225 2463 292 2525 eius
311 2463 509 2540 exaggeravit
528 2461 714 2536 honoribus,
733 2465 942 2538 respondente
956 2467 1040 2527 cultu

53 2547 201 2623 triumphi
222 2565 340 2623 rerum,
368 2566 445 2623 quas
466 2555 621 2624 gesserat,
643 2544 865 2621 magnitudini?
893 2547 1071 2621 Quotiensa

54 2632 208 2710 populum
234 2631 399 2707 congiariis
427 2631 605 2704 honoravit,
636 2637 876 2705 senatorumque
901 2646 1038 2704 censum,

56 2733 126 2780 cum
146 2714 179 2776 id
195 2724 305 2776 senatu
324 2724 451 2777 auctore
465 2718 568 2777 iacere
589 2713 703 2791 potuit,
725 2729 816 2789 quam
836 2712 966 2775 libenter
986 2729 1038 2775 ex·

55 2799 167 2877 plevit,
188 2807 222 2859 ut
236 2814 337 2871 neque
350 2799 501 2860 luxuriam
516 2798 657 2861 invitaret
671 2813 773 2873 neque
787 2797 949 2859 honestam
962 2815 1039 2873 pau·

56 2891 207 2959 pertatem
220 2888 375 2956 pateretur
384 2881 529 2958 dignitate
545 2882 691 2945 destituit
711 2881 828 2956 Quanto
840 2897 910 2942 cum
920 2881 1039 2944 honore

56 2963 271 3029 Germanicum
282 2979 372 3024 suum
386 2965 417 3023 in
428 2967 647 3028 transmarinas
658 2965 740 3028 misit
753 2963 954 3041 provinciam
973 2965 1071 3040 Quat

55 3051 85 3128 vi
102 3048 304 3112 consiliorum
319 3063 460 3122 suorum,
482 3049 619 3113 ministro
642 3059 672 3112 et
692 3049 833 3111 adiutore
848 3064 924 3109 usus
937 3049 1038 3109 Druso

55 3134 120 3197 filio
136 3150 211 3207 sno,
232 3131 472 3204 Maroboduum,
493 3130 701 3195 inhaerentem
716 3133 858 3209 occupati
871 3130 958 3208 regni
971 3131 1039 3191 lini-

55 3217 131 3294 bus,
153 3233 232 3294 paoe
252 3213 420 3277 maiestatis
435 3213 503 3276 eius
518 3215 662 3290 dixerim,
686 3220 771 3280 velut
790 3225 965 3295 serpentem
986 3215 1039 3276 ab

10 3335 12 3343 ν
57 3311 191 3364 abusam
211 3309 311 3362 terrae
332 3298 509 3361 salubribus
530 3298 728 3362 consiliorum
754 3319 880 3364 suorum
906 3297 1039 3361 medica·

10 3420 12 3426 ·
56 3386 168 3449 mentis
184 3385 286 3459 coegit
300 3383 427 3460 egredia
445 3402 537 3460 quam
550 3383 634 3444 illum
649 3390 680 3443 et
692 3383 843 3448 honorate
857 3400 915 3446 nee
929 3398 1039 3455 secure

10 3491 14 3526 ι
58 3470 215 3533 continet?
230 3467 367 3542 Quantae
378 3469 467 3530 molis
483 3470 595 3531 bellum
609 3465 750 3544 principe
762 3468 925 3530 Galliarum
941 3466 1070 3529 cientes
