2370 3946
14 226 26 313 i
330 250 429 300 saro.
446 249 583 300 uersu
599 251 829 304 PRAEFATIO.
1072 270 1102 306 11

10 399 17 427 ι
57 383 171 434 Μοιιῐίιι.
190 381 222 432 dc
238 384 361 446 aquaedd.
381 399 402 433 c.
421 383 445 435 3.
470 400 501 434 ac
517 401 548 435 ne
565 385 627 450 quid
642 386 678 435 od
692 390 768 435 totius
784 389 826 436 rei
838 390 971 450 pertinens
988 391 1101 440 notitiam

56 454 261 506 praetermisisse
271 451 369 500 uidear.
393 452 424 500 H.

10 532 17 561 z
65 538 69 546 ·
125 513 212 575 10,1.
235 517 423 583 Prosequamur
434 523 510 569 noto
526 523 834 569 seueritatemoensorum.
858 520 886 570 B.

125 580 209 642 11,1.
233 585 376 634 immodicus
385 588 497 649 ploriae,
510 587 686 644 inritabilis,
703 588 833 650 impotens.
857 587 886 637 B.

10 669 21 697 r:
125 644 213 709 121.
237 651 343 716 Propter
358 652 480 702 Kritzium
496 667 585 702 moneo
602 653 708 702 Marium
731 652 876 718 Sullamque
899 655 1028 720 copulatos
1052 657 1100 708 ‹lict

10 719 23 763 i
58 717 131 786 quasi
142 719 350 782 praecaventibus
362 719 420 768 fatis
433 720 576 783 nequando
589 720 794 780 dissociarentur,
813 721 888 785 idque
900 723 1008 785 quadam
1019 724 1100 788 pieta·

57 784 89 834 tis
102 797 131 834 co
151 783 206 840 ula;
219 784 270 835 vid.
286 785 335 836 Cic.
349 785 399 836 div.
413 787 439 836 in
453 787 523 838 Gaec.
538 785 577 846 19,
591 785 632 836 61.
656 787 689 837 Η.
1124 829 1126 832 ,

125 799 175 909 12,
189 847 217 907 5.
242 858 274 902 at
286 852 352 903 bona
362 857 433 904 malis
444 869 603 918 repensasse,
616 862 643 903 ut
654 855 738 920 priora
749 855 815 904 bona
824 855 916 905 Matius
928 864 1017 921 postea
1028 858 1100 908 malis

10 923 26 963 a
56 917 193 968 sustulisse
204 919 326 970 videatur.
350 921 384 970 M.

10 999 28 1030 n
125 982 173 1102 11}
187 983 214 1042 3.
237 991 399 1050 appellarant
423 989 533 1039 Italiam.
573 988 668 1053 Bergk,
697 987 817 1038 Zeitschr.
840 989 859 1039 i.
884 988 999 1040 Attalea.
1025 989 1099 1043 1851.

10 1067 109 1189 apag
126 1115 173 1179 16,
185 1117 214 1176 4.
238 1136 291 1171 rem
300 1122 544 1186 populiRomaniB.
568 1138 621 1172 rem
632 1123 768 1172 Romanam
778 1124 808 1172 Η.

10 1186 31 1230 Β.
128 1183 212 1246 17,1.
237 1190 288 1252 ipsi
298 1192 444 1240 exanimati.
462 1189 496 1239 M.

125 1250 173 1312 20,
186 1251 213 1311 5.
237 1255 317 1306 Probo
330 1271 398 1306 nuuc
410 1256 520 1306 dativum
532 1259 572 1306 eui
583 1258 721 1320 aupendae.
745 1257 775 1306 H.

126 1316 171 1378 21,
184 1318 213 1377 2.
237 1323 281 1372 sub
293 1325 356 1387 ipsis
367 1323 493 1374 moenibus
507 1323 654 1390 focisque.
678 1323 707 1373 B.

10 1387 34 1432 i?
125 1383 173 1447 23,
188 1384 213 1444 6·
237 1389 309 1440 Sulla
327 1397 507 1454 praesentem
530 1397 604 1441 ante
625 1394 707 1442 omnia
728 1396 912 1459 supplicemque
930 1393 1099 1444 Mithridaten

59 1457 160 1505 inueni.
185 1455 218 1504 ci.
232 1471 253 1504 c.
266 1455 307 1516 37,
322 1456 345 1509 3.
370 1462 480 1522 supplere
491 1464 517 1507 et
527 1474 660 1521 praesens.
684 1458 712 1508 Β.

124 1519 173 1582 25,
186 1518 211 1578 1.
236 1524 323 1589 quibus
334 1532 360 1575 et
376 1541 389 1574 s
391 1541 450 1589 pes
463 1529 575 1588 pessima
586 1532 611 1575 et
622 1527 752 1576 immodica
762 1529 889 1591 cupiditas
901 1534 967 1577 erat.
991 1527 1020 1577 Β.
1044 1528 1099 1593 Ego

10 1603 34 1650 μ’
60 1589 185 1639 cuninam
196 1589 267 1650 talia,
287 1592 360 1655 quale
371 1592 434 1641 illud
446 1599 483 1640 est
494 1591 577 1641 Valet.
590 1592 657 1641 Max.
671 1593 713 1651 IV,
727 1590 751 1651 6,
764 1592 788 1644 3.
813 1593 855 1643 ubi
865 1596 929 1643 idem
941 1600 967 1644 et
978 1597 1100 1645 monimus

11 1652 40 1700 lli
59 1662 83 1705 et
93 1657 282 1708 honestissimus
294 1675 365 1708 arnor
376 1664 423 1708 est.
448 1659 479 1706 Η.

35 1784 40 1790 „
125 1719 213 1783 26,1.
237 1728 450 1789 viranirnimapis
467 1730 558 1775 saevi
574 1741 661 1792 quam
674 1729 787 1790 paterni.
811 1726 840 1775 B.

10 1789 38 1833 {et
124 1786 171 1850 26,
184 1788 211 1847 3.
235 1791 274 1840 In
291 1798 407 1859 quantum
422 1794 493 1843 decius
506 1794 604 1857 planiae
618 1793 751 1858 famaeque
764 1796 885 1854 accessit,
903 1809 968 1844 nune
984 1796 1024 1843 vir
1040 1797 1100 1845 ille

10 1868 24 1900 t·
59 1861 161 1915 eminet,
176 1864 357 1922 praetereo
373 1863 443 1909 latet.
467 1860 500 1908 Μ.

10 1931 39 2032 [Μ’
56 1991 73 2054 f
96 1919 175 2042 mii,
188 1922 213 1979 l.
237 1931 276 2042 a?
287 1942 332 2042 apl
331 1930 354 2044 tol
352 1944 368 2044 5ι
373 1942 386 1976 s
391 1927 503 2043 lbellique
512 1927 665 2044 ίονίάιῗίπιω
667 1931 823 2043 Ipenitusque
835 1928 946 1978 Romano
958 1930 1052 1996 nomini
1062 1932 1100 1978 in-

17 2021 38 2032 ··
68 2005 96 2042 es
128 2006 213 2042 emtas.
238 2007 304 2042 c.e.
369 2008 646 2053 ‚.nooum,arem.
690 2032 695 2043 .

26 2116 38 2164 ι,
169 2055 208 2108 ib.
233 2059 265 2109 de
281 2060 395 2112 kalendis
412 2061 475 2111 Nov.
493 2061 544 2111 vid.
562 2009 669 2121 glernel,
693 2061 806 2126 prolegg.
825 2062 857 2111 ad
874 2062 945 2113 Ovid.
963 2061 1020 2111 fast.
1039 2077 1097 2128 pag.

14 2132 39 2166 v,lt

10 2180 38 2233 >ni
57 2123 219 2252 ΧΧν211812
243 2197 281 2244 uti
296 2202 424 2259 appareat
436 2201 556 2260 populum
572 2196 603 2246 R.
622 2211 690 2244 usum
707 2197 840 2246 dictatoris
852 2202 911 2245 ante
923 2201 987 2245 metu
999 2197 1099 2246 deside-

10 2262 37 2298 Μ’
56 2274 143 2318 rasse,
162 2261 271 2312 timuisse
284 2268 347 2326 post
359 2268 520 2326 potestatem.
544 2263 577 2312 Μ.
589 2263 665 2311 Hertz
676 2264 702 2311 iu
714 2263 779 2312 Mus.
792 2261 872 2313 Rhen.
885 2261 973 2328 philol.
986 2276 1009 2311 a.
1024 2262 1098 2314 1843.

55 2339 114 2443 pag.
126 2326 191 2386 477,
205 2328 279 2378 Tullii
292 2328 402 2379 consulis
414 2330 565 2378 mentionem
576 2335 604 2378 ut
616 2330 647 2378 ab
659 2329 741 2392 aliquo
753 2331 912 2393 grammatico
925 2330 1047 2379 adiectam
1058 2345 1097 2379 re·
1168 2338 1172 2344 '

12 2396 35 2431 nt.
66 2408 140 2444 erens
153 2395 186 2443 ad
196 2395 238 2445 Μ’.
251 2394 360 2445 Tullium
371 2396 487 2460 Longum
500 2410 568 2445 cons.
582 2408 604 2444 a.
618 2395 647 2446 U.
660 2394 718 2443 254.
730 2420 764 2431 —
776 2402 834 2446 ante
851 2402 915 2446 metu
928 2398 1097 2455 desiderasse,

14 2462 35 2562 ᾖ
56 2463 80 2511 :a
91 2466 147 2512 tuto
158 2476 218 2512 uero
230 2464 339 2513 timuisse
349 2468 508 2527 potestatem.
526 2461 556 2511 11.
578 2467 637 2511 ante
648 2466 712 2510 metu
725 2462 897 2520 desiderasse,
910 2466 976 2513 illico
988 2465 1098 2514 timuisse

73 2534 216 2579 otestatem.
229 2531 262 2580 Μ.

52 2543 72 2593 p
123 2591 177 2654 28,
191 2592 217 2653 3.
241 2597 324 2647 Voces
341 2613 377 2648 eo:
393 2597 449 2647 albo
465 2610 511 2662 pro
529 2598 630 2646 exoleto
647 2594 744 2644 restitui
758 2594 833 2644 iussit
844 2596 877 2644 Μ.
902 2609 1099 2646 commemorans

10 2658 30 2766 ἕξ
54 2675 158 2712 versum
174 2663 200 2712 in
212 2677 284 2714 muro
296 2664 447 2731 Pompeiano
460 2665 592 2729 scriptum:
610 2678 660 2714 non
676 2667 716 2712 est
732 2677 768 2714 em
785 2661 841 2713 albo
858 2663 938 2712 tuden
951 2667 1029 2725 patre
1047 2663 1100 2713 Ae·

51 2743 106 2795 m
122 2792 176 2855 29,
189 2793 218 2852 2.
241 2798 290 2847 sed
299 2813 335 2848 eoa
346 2800 468 2862 dipnitate
479 2803 604 2848 constans
616 2796 644 2861 (i.
659 2812 681 2847 e.
694 2795 856 2846 beruhend
872 2797 933 2846 aui.
958 2797 990 2847 ci.
1004 2811 1025 2847 c.
1040 2794 1097 2858 108,

10 2832 26 2899 11
53 2860 94 2926 2.)
119 2868 218 2928 atque
235 2865 261 2912 in
277 2867 343 2915 illam
355 2867 503 2916 conveniens
515 2865 698 2929 amplitudinem
707 2864 850 2927 fortunae,
869 2879 1003 2929 quaecum
1014 2890 1056 2913 -.
1069 2864 1098 2915 Β.

52 2931 103 2981 sed
119 2946 156 2982 eu
173 2931 311 2994 dipnitate,·
327 2935 470 2982 constantio
484 2947 527 2990 ea,
548 2947 612 2998 quae
627 2933 653 2981 in
670 2935 737 2982 illam
753 2933 901 2982 conueniens
914 2933 1099 2994 amplitudinem

16 2998 24 3030 l
51 2998 185 3062 fortunam
196 3001 249 3048 eius
261 3000 297 3049 ad
307 3001 413 3049 uldnum
424 3001 542 3049 cantitata
554 3005 592 3048 est
604 2999 677 3049 diem.
700 2997 734 3048 M.

27 3119 29 3122 y
169 3061 207 3114 ib.
227 3071 359 3130 potentiae
372 3082 436 3132 quae
447 3067 550 3116 lionoris
561 3081 639 3116 eausa
656 3067 693 3114 od
707 3081 760 3114 eum
778 3064 937 3127 deferretur,
955 3080 1004 3113 non
1020 3066 1052 3113 oi
1068 3064 1099 3114 ab

15 3116 24 3165 1
54 3145 85 3183 eo
98 3138 278 3197 occuparetur.
295 3132 328 3183 Μ.
353 3133 405 3182 vid.
417 3132 531 3183 Berichte
542 3131 559 3181 l.
573 3147 594 3181 c.
608 3148 632 3198 p.
648 3130 704 3182 156.
728 3133 771 3182 ubi
782 3131 858 3195 vulgo
870 3136 898 3179 ut
908 3144 954 3195 pro
966 3133 998 3180 vi.

16 3183 24 3232 f
123 3197 170 3259 31,
184 3196 211 3257 3.
234 3201 359 3250 interdum
373 3215 487 3264 persona
505 3202 534 3249 in
553 3203 668 3262 eoremplo
686 3201 814 3249 nocituro
830 3199 948 3248 inuidiam
965 3203 1039 3262 aupet
1056 3203 1099 3247 aut

55 3268 130 3317 terat.
155 3266 188 3317 ci.
201 3283 223 3317 c.
235 3267 277 3326 47,
290 3267 315 3315 4.
339 3270 454 3331 exemplo
466 3268 555 3316 inutili.
568 3282 590 3315 c.
604 3266 666 3326 114,
679 3264 704 3317 3.
722 3269 837 3330 exemplo
849 3281 899 3317 non
910 3264 1056 3315 nocebatur.
1068 3264 1089 3314 B

10 3334 25 3366 ‘⁶‘
169 3331 208 3384 ib.
232 3335 444 3386 extraordinaria
459 3336 470 3383 i
474 3350 496 3383 m
501 3335 576 3398 peri
580 3349 596 3382 a
611 3333 792 3395 reformidant,
810 3339 838 3382 ut
856 3333 888 3382 sit
900 3339 924 3382 et
936 3331 1004 3395 quod
1015 3331 1041 3381 in
1053 3331 1099 3382 de·

14 3382 25 3431 1
56 3401 174 3466 ponendo
187 3416 215 3451 ac
226 3401 357 3451 retinendo
369 3400 528 3466 intellegatur
539 3407 563 3449 et
575 3401 643 3463 quod
655 3406 796 3464 opponatur
806 3399 951 3450 honoribus.
975 3398 1009 3449 Μ.
