2340 3946
210 191 419 256 HISTORIAE
439 193 633 257 ROMANAE
653 195 696 269 11,
717 203 761 258 86.
777 203 822 259 87.
970 194 1012 260 67

28 345 96 407 eius
111 344 270 405 arbitrium
284 345 396 406 direxit
410 346 522 420 lugam.
554 345 639 406 ldem
659 347 778 407 locatus
798 344 828 406 ln
844 352 926 406 terra
940 349 1042 409 lecito

27 427 201 525 exercitus,
223 444 291 489 cum
312 445 348 489 se
364 428 507 490 Canidius
529 427 687 504 praecipiti
708 429 780 504 luga
800 430 956 505 rapuisset
970 433 1011 493 ad

23 513 271 657 mmssffiw
305 594 384 669 Quid
403 595 453 655 ille
473 595 540 655 dies
563 601 712 655 terrarum
728 597 796 657 orbi
815 599 1008 674 praestiterit,
1025 607 1040 658 1

21 697 65 742 ex
80 696 147 756 quo
161 678 192 741 in
210 695 301 755 quem
314 685 425 741 statum
445 680 617 754 pervenerit
638 681 759 741 lortuna
779 682 916 756 publica,
939 684 1009 759 quis

20 765 56 825 in
77 763 141 825 hoc
160 770 342 825 transcensu
362 769 424 823 tam
445 763 533 824 artati
556 763 659 837 operis
680 765 853 840 exprimere
877 767 1010 828 audeat?

21 847 168 909 Victoria
174 862 248 907 vero
261 847 316 908 luit
323 847 559 908 clementissima
570 863 627 908 nec
636 849 800 923 quisquam
812 848 1008 926 interemptus
1023 858 1040 909 2

22 931 88 993 nisi
103 929 284 1007 paucissimi
298 929 388 1003 ethi,
411 933 463 1005 qui
485 930 646 1007 deprecari
667 931 789 1006 quidem
811 948 869 1007 pro
891 948 926 992 se
946 951 1008 995 non

24 1015 225 1079 sustinerent.
256 1015 304 1074 Ex
320 1029 381 1090 qua
401 1014 522 1074 lenitate
544 1014 632 1076 ducis
655 1015 756 1090 colligi
777 1015 1007 1092 potuitquae

26 1107 83 1161 aut
95 1099 182 1160 initio
196 1098 402 1159 triumviratus
419 1098 469 1158 sui
483 1099 578 1159 autin
593 1100 709 1174 campis
724 1099 900 1176 Philippiis,
921 1101 948 1160 si
963 1102 1007 1162 sic

23 1183 182 1258 licuisset,
203 1182 349 1243 victoriae
370 1198 447 1243 suae
468 1183 603 1243 tacturus
625 1184 716 1244 luerit
730 1185 864 1245 modum.
896 1185 937 1245 At
951 1184 1039 1246 So-3
1106 1220 1109 1227 ·

25 1267 107 1331 sium
122 1266 155 1329 L.
170 1265 296 1328 Arrunti
316 1264 420 1341 prisca
440 1267 588 1342 gravitate
609 1266 797 1328 celeberrimi
819 1269 914 1344 tides,
934 1283 1007 1328 mox

25 1351 157 1414 diucum
165 1348 323 1411 clementia
333 1354 464 1411 luctatus
476 1350 656 1411 suacaesar
668 1352 802 1412 servavit
815 1353 1007 1415 incolumem.

25 1435 95 1495 Non
112 1441 321 1510 praetereatur
332 1433 421 1494 Asini
435 1433 581 1494 Pollionis
596 1435 709 1496 lactum
723 1443 753 1496 et
767 1436 879 1497 dictum
893 1453 1006 1497 memo·
1021 1441 1039 1495 l

25 1519 137 1581 cubile:
158 1534 290 1594 namque
312 1533 382 1577 cum
403 1533 438 1577 se
460 1524 532 1592 post
544 1517 768 1578 Brundusinam
789 1536 896 1594 pacem
911 1519 1006 1582 conti-

26 1603 149 1665 nuisset
168 1602 199 1661 in
213 1602 299 1662 Italia
319 1617 420 1676 neque
440 1607 493 1661 aut
513 1599 643 1660 vidisset
655 1617 791 1676 unquam
805 1605 941 1677 reginam
957 1611 1007 1663 aut

26 1694 100 1763 post
115 1692 294 1747 enervatum
308 1700 413 1745 amore
428 1685 494 1744 eius
509 1684 623 1744 Antoni
638 1683 770 1744 animum
786 1686 924 1759 partibus
940 1685 1007 1746 eius

27 1786 61 1833 se
75 1769 266 1845 miscuisset,
281 1774 409 1843 rogante
422 1767 567 1839 Caesare,
584 1774 617 1829 nt
631 1782 737 1828 secum
752 1769 792 1827 ad
806 1769 920 1829 bellum
933 1785 1005 1844 pro-

27 1855 216 1917 ficisceretur
230 1853 404 1914 Actiacum:
427 1867 509 1926 mea,
530 1851 643 1926 inquit,
665 1851 696 1910 in
709 1852 876 1913 Antonium
889 1854 1006 1913 maiora

27 1939 134 1999 merita
147 1946 232 2011 sunt,
255 1937 334 1996 illius
349 1937 380 1995 in
395 1952 443 1995 me
457 1934 607 1996 beneficia
623 1935 759 2007 notiora;
781 1936 884 2011 itaque
899 1937 1005 1998 discri-

28 2022 99 2082 mini
115 2028 219 2082 vestro
235 2036 284 2079 me
299 2019 475 2081 subtraham
490 2027 520 2081 et
533 2035 586 2080 ero
601 2020 719 2094 praeda
733 2020 866 2081 victoris.

108 2104 281 2166 LXXXVII.
313 2103 457 2164 Proximo
479 2103 590 2164 deinde
612 2120 692 2163 anno
718 2112 901 2179 persecutus
926 2104 1036 2179 regi-1

29 2205 96 2250 nam
110 2188 340 2263 Antoniumque
353 2186 595 2262 Alexandream,
611 2187 745 2247 ultimam
761 2188 848 2248 bellis
865 2188 1003 2248 civilibus

28 2271 313 2350 imposuitmanum.
335 2271 487 2332 Antonius
499 2286 534 2330 se
547 2271 616 2346 ipse
627 2287 687 2330 non
700 2272 833 2347 segniter
847 2273 1004 2346 interemit,
1018 2283 1035 2334 a

30 2357 105 2416 adeo
121 2362 154 2416 ut
168 2357 261 2416 trinita
276 2355 414 2415 desidiae
428 2353 554 2415 crimina
567 2362 665 2414 morta
679 2356 857 2427 redimerem
874 2364 904 2417 at
919 2357 1004 2416 Cleo·

30 2446 113 2513 patra
129 2440 282 2502 frustratis
299 2438 479 2500 custodibus
494 2437 588 2498 inlata
601 2437 710 2512 aspide
725 2438 766 2511 [in
781 2446 898 2512 morsu]
910 2439 1004 2500 sanie

30 2523 91 2584 eius
113 2538 226 2598 expers
247 2519 403 2584 muliebris
423 2528 522 2583 metus
544 2521 682 2596 spiritum
701 2521 843 2583 reddidit.
875 2523 1037 2598 Fuitque3

31 2613 56 2667 et
69 2608 192 2669 fortuna
212 2612 244 2667 et
258 2607 416 2667 clementia
430 2606 571 2667 Caesaris
594 2605 732 2680 dignum,
755 2606 839 2681 quod
859 2622 948 2667 nemo
965 2622 1004 2666 ex

29 2686 73 2751 his
89 2691 142 2767 qui
157 2697 264 2752 contra
279 2707 350 2752 eum
364 2707 449 2751 arma
462 2692 606 2763 tulerant,
628 2690 666 2750 ab
681 2706 719 2751 eo
737 2689 864 2750 iussuve
880 2691 945 2751 eius
960 2690 1003 2749 in-

30 2779 193 2850 teremptus
216 2779 296 2846 [ect]=
321 2775 357 2834 Ι).
371 2775 499 2834 Brutum
518 2773 633 2834 Antoni
652 2772 803 2836 interemit
822 2773 1002 2847 crudelitas,

31 2855 58 2916 S.
67 2855 246 2933 Pompeium
261 2856 300 2915 ab
315 2871 354 2917 eo¹
368 2857 520 2917 devictum
534 2857 614 2916 idem
625 2858 779 2918 Antonius
794 2874 864 2920 cum
875 2858 1003 2935 dignita·

30 2940 64 3002 tis
80 2955 206 3018 quoque
221 2939 393 2999 servandae
407 2939 546 2999 dedisset
559 2938 660 3013 fidem,
677 2941 765 3000 etiam
779 2941 889 3016 spiritu
902 2945 1004 3017 priva-

30 3023 82 3097 vit;
107 3028 221 3087 Brutus
241 3030 271 3086 et
286 3021 411 3084 Cassius
432 3028 501 3082 ante
522 3037 615 3095 quam
631 3022 780 3084 victorum
794 3023 1005 3099 experirentur

31 3109 176 3183 animum,
196 3105 369 3170 voluntaria
389 3113 485 3167 morte
500 3103 655 3176 obieruut3
679 3105 794 3165 Antoni
810 3106 1003 3182 cleopatrae--

32 3207 87 3266 que
110 3194 182 3270 *quis
208 3192 318 3254 luisset
341 3189 442 3252 exitus
466 3188 672 3260 narravimus;
700 3188 844 3251 Canidius
868 3188 1004 3252 timidius

31 3273 175 3350 decessit,
202 3293 294 3352 quam
315 3274 501 3352 professioni
521 3275 588 3335 eius
609 3291 670 3349 qua
690 3288 813 3348 semper
832 3288 908 3335 usus
930 3280 1003 3349 erat,

32 3361 228 3436 ungruebau
255 3358 377 3423 ultimus
403 3365 505 3420 autem
528 3373 568 3420 ex
592 3354 836 3420 interlectoribus
862 3355 1004 3420 caesaris

799 3446 838 3508 ,a
