2370 3946
228 214 438 276 HISTORIAE
459 213 653 277 ROMANAE
675 219 716 293 11,
740 227 799 280 ma.
819 227 878 280 ma
1007 219 1050 283 89

10 390 39 446 p
76 367 213 444 curavit,
230 370 287 431 sed
302 369 423 430 vinctos
438 368 611 446 triumphus
626 370 775 445 ostendit,
795 389 887 447 quem
901 371 975 434 mihi
991 375 1048 434 lra-

12 474 40 519 us
77 450 164 530 trique
185 469 254 515 mco
276 454 355 515 inter
377 454 564 530 praecipuos
584 453 824 530 praecipuisque
846 455 937 518 donis
959 457 1049 518 ador-

10 556 39 598 an.
75 545 154 600 catos
171 537 258 598 viros
274 536 413 599 comitari
428 537 564 613 contigit.

10 640 40 682 tas
148 621 261 683 CXXII.
298 620 372 696 Quis
396 638 458 682 non
482 623 562 684 inter
583 623 718 698 reliqua,
750 621 862 698 quibus
885 623 1080 699 singularisl

10 709 34 767 ll
71 707 232 768 moderatio
250 705 294 766 Ti.
310 704 452 768 Caesaris
469 708 569 767 elucet
589 714 683 781 atque
698 704 824 781 eminet,
848 706 908 767 hoc
924 724 1050 785 quoque

11 809 34 851 m
70 789 204 865 miretur,
228 791 328 865 quod,
350 806 420 851 cum
441 788 509 850 sine
526 791 588 851 ulla
606 789 795 851 dubitatione
812 798 931 865 septem
944 791 1048 853 trium-

10 893 31 917 ι-
68 874 144 950 phos
159 872 319 946 meruerit,
337 873 435 934 tribus
451 880 613 935 contentus
629 873 706 935 luitt
725 874 798 949 Quis
815 873 896 935 enim
911 875 1050 937 dubitare
1064 880 1081 929 9

10 977 25 1018 a
67 966 181 1034 potest,
208 956 283 1033 quin
297 973 338 1018 ex
352 956 498 1018 Armenia
513 966 637 1034 receptu
658 965 689 1019 ct
709 975 749 1019 ex
766 974 840 1034 rege
857 959 1047 1035 praeposito,

10 1061 20 1101 c
66 1042 153 1104 cuius
174 1040 269 1118 capiti
290 1039 412 1116 insigne
426 1041 544 1116 regium
560 1059 617 1103 sua
632 1059 724 1103 manu
738 1041 943 1118 imposuerat,
969 1043 1049 1104 ordi-

10 1145 15 1186 t
64 1125 208 1202 natisque
229 1125 323 1185 rebus
348 1125 479 1187 Orientis
503 1141 600 1187 ovans
622 1124 809 1202 triumphare
833 1125 994 1188 debuerit?
1020 1135 1050 1188 et

62 1208 296 1272 vindelicorum
308 1209 558 1286 Rhaetorumque
569 1207 669 1272 victor
683 1226 774 1272 curru
788 1211 895 1272 urbem
910 1209 1051 1286 ingredia

61 1292 171 1356 lraetis
197 1291 309 1354 deinde
331 1301 404 1370 post
424 1292 623 1368 adoptionem
645 1292 789 1356 continua
814 1294 923 1355 trienni
946 1293 1052 1356 militia

60 1376 247 1440 Germaniae
264 1375 381 1438 viribus
396 1376 478 1438 idem
498 1377 542 1438 illi
563 1379 662 1439 honor
676 1385 707 1439 et
721 1378 908 1440 deferendus
924 1387 954 1439 et
973 1377 1051 1439 reci-

59 1462 198 1541 piendus
213 1459 324 1522 luerit?
345 1469 461 1536 etpost
479 1463 598 1522 cladem
613 1461 672 1522 sub
685 1463 770 1522 Varo
786 1471 946 1539 acceptam
963 1461 1051 1524 ocius
1161 1501 1166 1509 -

59 1543 275 1624 prosperrimo
290 1561 392 1606 rerum
404 1552 516 1606 eventu
527 1545 637 1605 eadem
651 1543 759 1605 excisa
771 1545 934 1607 Germania
947 1546 1050 1607 trium-

58 1632 145 1709 phus
168 1627 279 1690 summi
301 1629 389 1691 ducis
410 1628 555 1690 adornari
575 1626 736 1689 debueritt
765 1627 828 1689 Sed
849 1628 880 1689 in
902 1629 962 1690 hoc
984 1628 1083 1689 viros

58 1712 206 1786 nescias,
228 1719 329 1774 utrum
348 1712 446 1790 magis
468 1713 604 1785 mireris,
631 1711 716 1787 quod
739 1712 878 1774 laborum
899 1711 1051 1788 periculo-

57 1813 197 1873 rumque
212 1812 335 1873 semper
349 1797 486 1860 excessit
499 1798 639 1869 modum,
656 1813 695 1856 an
712 1798 797 1872 quod
811 1796 963 1858 honorum
978 1804 1051 1857 tem-

58 1879 194 1960 paravit.

152 1964 278 2024 GXXlll.
304 1964 435 2027 Venitur
456 1967 497 2026 ad
521 1974 657 2043 tempus,
680 1967 711 2026 in
729 1983 791 2043 quo
809 1965 865 2027 luit
887 1962 1082 2042 plurimuml

60 2059 182 2112 metus:
202 2048 318 2124 quippe
335 2048 449 2111 Cacsar
465 2052 624 2124 Augustus
640 2067 709 2112 cum
726 2049 938 2111 Germanicum
955 2063 1051 2124 nepo-

62 2142 126 2197 tem
137 2149 229 2193 suum
243 2133 362 2208 reliqua
373 2133 446 2194 belli
461 2140 649 2209 patraturum
660 2134 797 2196 misisset
811 2133 841 2194 in
850 2131 1050 2203 Germaniam,

61 2215 219 2280 Tiberium
234 2225 336 2277 autem
351 2215 447 2277 lilium
463 2216 614 2279 missurus
631 2226 716 2280 esset
730 2219 761 2279 in
776 2218 931 2297 Illyricum
946 2217 986 2276 ad
1002 2216 1052 2276 lir-

62 2301 181 2364 manda
195 2316 289 2376 pace,
314 2315 394 2376 quae
411 2301 494 2362 bello
509 2301 688 2377 subegerat,
712 2319 907 2378 prosequens
926 2318 996 2363 eum
1011 2298 1052 2360 si·

61 2388 195 2460 mulque
208 2382 410 2445 interfuturus
428 2383 608 2445 athletarum
623 2385 797 2446 certaminis
813 2386 948 2467 ludicro,
969 2383 1053 2460 quod

64 2471 134 2532 aius
147 2466 259 2530 honori
271 2476 424 2530 sacratum
435 2485 454 2528 a
464 2467 673 2542 Neapolitanis
688 2475 745 2542 est,
760 2468 914 2544 processit
928 2468 1052 2528 incam-

64 2552 202 2631 paniam.
232 2551 422 2628 Quamquam
437 2551 499 2612 iam
516 2560 618 2613 motus
639 2550 854 2612 imbecillitatis
875 2549 1084 2611 inclinatae-2

66 2655 128 2714 que
144 2635 175 2696 in
191 2635 326 2698 deterius
341 2636 494 2713 principia
510 2635 692 2697 valetudinis
712 2643 866 2709 senserat,
882 2643 984 2696 tamen
999 2634 1051 2694 ob-

65 2722 183 2784 nitente
207 2721 237 2779 vi
261 2719 355 2780 animi
377 2728 562 2796 prosecutus
585 2719 680 2781 lilium
703 2719 927 2796 digressusque
950 2719 990 2779 ab
1014 2733 1076 2778 eo.

61 2804 236 2869 'Beneventi
251 2802 321 2876 ipse
334 2803 442 2866 Nolam
457 2803 559 2879 petiit,
576 2812 607 2865 et
619 2804 853 2880 ingravescente
867 2803 899 2864 in
916 2804 983 2864 dies
1000 2818 1052 2862 va-

65 2889 203 2952 letudine
221 2900 292 2944 cum
307 2884 413 2957 sciret,
434 2887 505 2961 quis
520 2889 633 2950 volenti
649 2886 752 2950 omnia
766 2896 840 2964 post
854 2904 890 2948 se
904 2889 992 2948 salva
1005 2901 1052 2945 re-

66 2987 194 3037 manere
215 2968 424 3030 accersendus
447 2969 540 3044 loret,
564 2972 743 3034 festinanter
761 2970 920 3032 revocavit
941 2969 1052 3041 lilium;

65 3056 115 3120 ille
130 3057 173 3118 ad
188 3060 307 3130 patrem
323 3051 439 3129 patriae
451 3061 612 3127 expectato
628 3055 778 3118 revolavit
792 3053 948 3115 maturius.
977 3053 1053 3113 Tum
1066 3058 1085 3111 3

67 3156 212 3204 securum
237 3155 272 3199 se
297 3139 458 3214 Augustus
483 3136 667 3212 praedicans
696 3138 964 3215 circumfususque
989 3153 1052 3197 am·

67 3225 212 3300 plexibus
234 3222 335 3283 Tiberi
359 3220 423 3296 sui,
452 3221 670 3283 commendans
694 3223 737 3284 illi
760 3240 817 3286 sua
837 3232 930 3299 atque
953 3220 1052 3297 ipsius

68 3325 165 3387 opera
180 3323 239 3368 nec
255 3305 421 3383 quicquam
437 3304 497 3365 iam
513 3305 552 3365 de
567 3305 637 3379 fine,
652 3304 681 3365 si
695 3307 757 3368 ieta
771 3315 945 3384 poscerent,
965 3322 1054 3367 recue

69 3409 157 3466 sans,
174 3392 370 3453 subrefectus
385 3388 484 3465 primo
501 3398 672 3464 conspectu
686 3390 886 3468 alloquioque
902 3387 1054 3453 carissimi

69 3475 126 3539 sibi
139 3473 277 3553 spiritus,
290 3490 364 3534 mox
376 3489 445 3534 cum
458 3490 580 3536 omnem
591 3490 695 3535 curam
707 3473 944 3541 iataviucerent.
953 3474 984 3536 in
997 3490 1056 3536 sua
