2340 3946
192 279 194 284 .
242 242 249 279 .·
287 218 497 282 fflsfoalstt
511 219 704 282 ROMANAE
718 220 759 296 ΙΙ,
777 229 820 284 72.
833 228 877 283 73.
1029 217 1072 282 59

71 370 185 433 {uliae
198 370 359 447 Augustae
373 379 474 447 pater,
489 379 520 432 et
532 373 635 433 Varus
650 370 810 446 Quintilius
825 389 864 433 ne
877 379 990 434 tentata
1005 372 1071 448 qul·

71 454 159 515 dem
166 453 268 516 hostis
281 454 493 516 misericordia
506 458 583 517 alter
593 472 629 516 se
643 456 749 531 ipsein
769 455 965 518 tabernaculo
980 456 1072 516 inter-

72 537 178 612 emit,
194 538 297 599 Varus
310 538 531 614 autemlibcrti,
546 555 637 615 quom
650 540 681 599 id
690 541 791 599 facere
805 543 956 615 coegerat,
969 556 1070 613 manu,

76 634 160 683 oum
175 637 214 683 se
228 621 400 698 insignibus
413 622 563 684 honorum
578 623 727 696 velasset,
742 623 896 696 iugulatus
911 632 968 684 est.

93 718 98 731 “
173 704 291 766 LXXII.
333 705 421 766 Hunc
436 708 550 767 exitum
563 706 603 765 Μ.
618 707 704 766 Bruti
720 708 850 781 partium
865 707 1027 781 septimum
1042 712 1097 770 etl

79 789 278 850 tricesimum
288 805 402 850 annum
414 791 533 864 agentis
544 792 666 851 fortuna
680 805 753 851 esse
767 789 877 864 voluit,
892 791 1070 866 incorrupto

81 871 276 935 animosius
296 873 327 933 in
343 873 440 946 diem,
462 889 541 947 quae
554 874 597 933 illi
611 875 709 935 omnis
724 873 851 935 virtutes
872 874 963 934 unius
978 880 1071 934 teme·

83 954 179 1017 ritate
185 956 256 1017 facti
263 956 395 1018 abstulit.
415 956 663 1019 Fuitautemdux
678 957 802 1018 Cassius
817 958 940 1031 melior,
957 961 1098 1032 quantos

84 1037 273 1112 verrutus;
295 1055 313 1100 e
329 1041 441 1116 quibus
455 1041 582 1103 Brutum
595 1042 727 1102 amicum
742 1040 856 1102 habere
870 1043 993 1111 malles,
1015 1040 1071 1099 ini·

86 1123 203 1184 micum
227 1124 325 1198 magis
345 1125 468 1185 timeres
489 1126 645 1196 cassium3
669 1124 701 1186 in
722 1125 816 1186 altero
839 1124 936 1186 maior
955 1124 1019 1196 vis,
1040 1123 1072 1184 in

88 1207 188 1268 altero
203 1207 315 1278 virtus;
332 1208 384 1284 qui
399 1209 426 1269 si
441 1210 604 1283 vicissent,
620 1217 765 1285 quantum
779 1209 965 1284 reipublicae
979 1208 1071 1282 inter·

88 1289 148 1352 fuit
161 1289 323 1352 Caesarem
338 1293 441 1368 potius
462 1293 577 1354 habere
604 1309 695 1369 quam
708 1291 876 1353 Antonium
892 1291 1070 1368 principem,

89 1380 207 1435 tantum
221 1376 377 1436 retulisset
389 1376 503 1437 habere
516 1378 641 1438 Brutum
658 1393 749 1452 quam
763 1375 912 1438 Cassium.
942 1375 994 1435 Cn.
1009 1374 1099 1437 Doti

90 1457 209 1530 mitius,
222 1460 347 1534 paterL.
355 1461 482 1531 Domiti,
497 1458 800 1535 nuperanobisvisi,
812 1459 1071 1520 eminentissimae

92 1556 128 1603 ac
141 1541 353 1604 nobilissimae
368 1545 569 1619 simplicitatis
588 1544 660 1614 viri,
685 1560 762 1603 avus
776 1542 866 1603 huius
883 1544 934 1603 cn.
949 1541 1069 1614 Domiti,

93 1625 253 1688 clarissimi
268 1627 404 1700 iuvenis,
421 1627 581 1703 occupatis
595 1626 726 1687 navibus
742 1642 929 1700 cummagno
938 1640 1069 1699 sequen·

92 1708 166 1770 tium
177 1711 306 1772 consilia
317 1727 373 1771 sua
385 1711 529 1773 comitatu
543 1714 633 1786 fugae
647 1712 850 1783 fortunaeque
861 1725 896 1768 se
911 1706 1070 1780 commisit,

95 1801 190 1855 mmet
203 1795 272 1870 ipsa
287 1803 448 1856 contentus
464 1795 543 1856 duce
557 1795 698 1870 partium.
734 1793 848 1854 Statius
862 1792 1003 1864 Murcus,
1019 1789 1100 1866 quia

96 1877 185 1939 classi
200 1886 230 1938 et
244 1880 403 1940 custodiae
416 1880 509 1940 maris
525 1880 712 1953 praefuerat,
729 1878 891 1938 cumomni
906 1875 1072 1937 commissa

97 1958 151 2022 sibi
179 1969 265 2036 parte
290 1965 442 2025 exercitus
474 1964 659 2038 naviumque
684 1961 767 2023 Sext.
792 1961 985 2036 Pompeium,
1017 1958 1070 2019 cn.

85 2039 193 2120 'llagni
213 2045 323 2120 lilium,
346 2049 398 2122 qui
418 2063 459 2106 ex
471 2047 622 2123 Hispania
640 2054 799 2106 revertens
823 2041 957 2106 Siciliam
977 2041 1071 2102 armis

90 2136 314 2203 occupaverat,
329 2131 413 2204 petit.
442 2131 492 2190 Ad
508 2146 598 2207 quem
613 2137 644 2190 et
658 2145 676 2190 e
688 2129 841 2190 Brutianis
862 2127 971 2189 castris
987 2134 1018 2186 ct
1032 2139 1098 2190 exa

71 2212 80 2247 ³·
97 2208 176 2272 italia
190 2213 322 2287 aliisque
335 2219 483 2273 terrarum
498 2214 652 2288 partibus,
669 2229 748 2287 quos
764 2212 917 2289 praesenti
933 2210 1070 2287 periculo

79 2368 82 2373 Ι
98 2294 424 2368 furtunasubduxerat,
437 2292 821 2371 proscripticoniluebantz
833 2295 1070 2372 quippenullum

97 2376 276 2439 labentibus
292 2383 402 2439 statum
418 2378 542 2454 quilibet
553 2380 616 2439 dux
627 2378 848 2450 eretidoncus,
864 2395 933 2439 cum
950 2379 1072 2439 fortuna

99 2462 339 2522 nonelcctionem
348 2462 448 2535 daret,
463 2463 537 2539 [sed]
546 2462 1071 2538 perfugiumostenderetcxitialem·

99 2556 155 2620 que
169 2552 382 2620 tempestatem
397 2545 582 2622 fugientibus
598 2545 688 2606 statio
703 2560 760 2620 pro
775 2549 866 2618 portu
881 2544 968 2605 foret.

175 2629 306 2689 LXXIII.
347 2631 404 2691 Hic
413 2631 597 2691 adulescens
610 2636 674 2690 erat
685 2629 795 2690 studiis
810 2627 913 2702 rudis,
929 2640 1096 2697 sermonel

71 2740 73 2747 ·
100 2714 258 2787 sarbarus,
279 2714 394 2789 impetu
408 2723 567 2788 strenuus,
588 2730 681 2775 manu
695 2719 872 2790 promptus,
888 2709 1072 2786 cogitatione

100 2797 190 2871 celer,
204 2797 267 2858 flde
280 2798 357 2873 patri
372 2798 607 2872 dissimillimus,
621 2798 797 2859 libertorum
813 2795 1072 2858 suorumlibertus

99 2892 317 2957 servorumque
335 2898 460 2955 servus,
482 2883 636 2957 speciosis
656 2881 813 2953 invidens,
827 2887 862 2940 ut
882 2878 1071 2954 parerethu·

99 2961 240 3038 minimis,
258 2981 347 3041 quem
360 2971 502 3039 senatus,
529 2981 627 3040 paene
641 2970 722 3024 totus
738 2964 838 3024 adhuc
853 2960 1071 3035 ePompeianis

100 3055 240 3110 constans
255 3050 410 3125 partibus,
426 3049 617 3123 postAntoni
627 3047 769 3108 aMutina
781 3046 884 3120 fugam
896 3044 1006 3104 eodem
1020 3042 1071 3102 illo

98 3131 247 3208 tempore,
270 3148 332 3208 quo
346 3133 440 3194 Bruto
461 3132 632 3207 Cassioque
651 3129 872 3192 transmarinas
895 3123 1072 3203 provincias

99 3210 287 3287 decreverat,
307 3224 484 3277 revocatum
503 3231 543 3275 ex
561 3213 725 3290 Hispania,
753 3212 806 3275 ubi
827 3212 978 3273 adversus
1002 3223 1073 3270 eum

98 3296 297 3361 clarissimum
310 3300 422 3361 bellum
436 3299 532 3361 Pollio
543 3297 671 3360 Asinius
686 3296 858 3374 praetorius
871 3299 1027 3371 gesserat,
1041 3290 1073 3353 in

98 3388 221 3450 paterna
234 3383 317 3444 bona
330 3382 504 3446 restituerat
511 3391 540 3444 et
547 3397 620 3443 orae
634 3380 800 3443 maritimae
815 3380 1013 3456 praefecerat.
1042 3375 1102 3437 lsi

100 3473 173 3544 tum,
193 3476 227 3530 ut
240 3466 464 3544 praediximus,
486 3472 637 3544 occupata
651 3464 755 3526 Sicilia
775 3461 898 3525 servitia
913 3460 1073 3538 fugitivos·
