2370 3946
295 244 505 307 Hlsrortmtt
524 244 717 307 ROMANAE
738 246 781 321 11,
803 255 846 309 12.
1019 248 1055 311 at

82 413 145 473 que
161 396 191 454 ln
206 396 311 455 Africa
325 395 508 470 negotiantis
527 397 700 456 criminatus
714 397 827 458 Metelli
842 399 1060 474 lentitudinem,
1071 402 1090 426 ³

81 479 229 540 trahentis
245 479 304 538 iam
319 479 484 540 intertium
499 495 611 539 annum
631 480 757 554 bellum,
780 490 810 542 et
824 485 989 543 naturalem
1004 500 1058 543 no·

79 562 206 624 bilitatis
228 563 401 637 superbiam
422 564 623 639 monendique
643 563 674 622 in
698 564 832 637 imperiis
854 565 1059 641 cupiditatem,

80 647 185 708 effecit
199 653 244 720 ut,
265 661 333 706 cum
349 652 520 706 commeatu
533 646 627 721 petito
642 646 771 706 Romam
784 647 934 722 venisset,
951 653 1060 711 consul

80 737 238 790 crearetur
259 728 393 803 bellique
408 744 506 804 paene
523 729 631 802 patrati
647 729 800 790 aMetello
818 731 869 805 qui
891 731 939 792 bis
953 733 1059 807 Iugur-

78 814 164 873 tham
184 812 251 871 acie
275 813 410 885 suderat,
438 828 558 873 summa
582 813 818 872 committeretur
844 813 911 873 sibi.
947 815 1059 875 Metelli

78 904 182 956 tamen
198 901 228 953 el
241 895 412 971 triumphus
434 896 490 956 luit
503 895 691 958 clarissimus
707 902 736 955 et
756 897 892 957 meritum
907 897 1016 958 virtute
1031 897 1060 958 ei

80 993 255 1053 cognomen
269 977 420 1039 Numidici
436 978 571 1037 inditum.
604 980 644 1039 Ut
657 979 749 1052 paulo
765 987 834 1039 ante
848 976 997 1040 Domitiae
1017 983 1092 1040 tad

78 1061 197 1135 miliae,
219 1061 260 1120 ita
275 1061 423 1121 Caeciliae
438 1061 573 1122 notanda
594 1061 742 1122 claritudo
759 1069 820 1123 est:
844 1062 961 1138 quippe
983 1064 1061 1123 intra

79 1142 246 1206 duodecim
271 1147 366 1204 terme
390 1160 489 1205 annos
515 1145 604 1204 huius
631 1143 778 1217 temporis
803 1149 948 1206 consules
974 1147 1060 1206 luere

78 1227 194 1288 Metelli
210 1234 261 1287 aul
275 1243 421 1289 censores
436 1235 488 1289 aut
502 1227 723 1304 triumpharunt
736 1228 865 1304 amplius
881 1229 1058 1303 duodecies,

79 1319 115 1372 ut
135 1318 285 1387 appareat
305 1313 562 1385 quemadmodum
582 1312 702 1373 urbium
724 1313 997 1388 imperiorumque,
1018 1311 1061 1372 ita

78 1396 216 1470 gentium
235 1409 316 1453 nunc
337 1394 448 1454 florere
473 1396 639 1468 fortunam,
668 1411 749 1455 nunc
770 1411 950 1470 senescere,
978 1411 1060 1457 nuno

79 1479 213 1538 interire,

163 1561 227 1620 Xll.
254 1560 296 1620 At
310 1560 341 1619 C.
356 1560 472 1620 Marius
487 1560 519 1617 L.
536 1557 650 1618 Sullam
663 1560 723 1619 iam
737 1568 807 1621 tunc
823 1570 855 1620 ut
873 1577 1059 1636 praecaveri·
1075 1571 1089 1621 1

81 1647 161 1704 libus
178 1643 248 1702 tatis
264 1643 440 1716 copulatum
461 1640 520 1701 sibi
541 1649 735 1715 quaestorem
757 1642 861 1703 habuit
876 1651 906 1702 et
919 1659 975 1717 per
990 1659 1060 1702 eum

80 1726 210 1788 missum
232 1725 273 1782 ad
291 1739 395 1798 regem
409 1723 563 1784 Bocchum
585 1724 729 1800 Iugurtha
748 1739 822 1798 rege
837 1725 946 1785 abhinc
960 1741 1059 1786 annos

81 1813 178 1869 lerme
194 1814 315 1867 centum
325 1806 446 1880 triginta
458 1813 600 1881 quattuor
614 1808 727 1881 potitus
739 1814 803 1877 est;
818 1807 1060 1883 designatusque

80 1892 190 1952 ilerum
203 1891 311 1950 consul
326 1889 357 1948 in
369 1891 477 1950 urbem
487 1905 631 1950 reversus
643 1891 772 1951 secundi
784 1893 960 1952 consulatus
974 1890 1059 1952 initio

78 1973 229 2035 Kalendis
250 1972 399 2032 Ianuariis
425 1973 549 2033 eumin
574 1974 727 2049 triumpho
749 1973 846 2034 duxit.
878 1974 1001 2047 Effusa,
1028 1976 1098 2032 uta·

81 2057 306 2133 praediximus,
328 2056 467 2116 immanis
483 2056 529 2115 vis
545 2056 762 2117 Germanarum
776 2058 927 2132 gentium,
949 2057 1060 2132 quibus

80 2155 194 2201 nornen
210 2138 337 2199 Cimbris
359 2155 396 2198 ac
416 2139 562 2199 Teutonis
583 2149 661 2213 erat,
686 2156 754 2200 eum
770 2139 954 2215 Caepionem
973 2139 1059 2205 Man-

80 2224 217 2296 liumque
229 2223 382 2293 eonsules,
396 2228 426 2281 et
436 2229 504 2281 ante
516 2221 686 2282 carbonem
698 2221 895 2299 Silanumque
908 2222 1061 2284 fudissent

82 2308 306 2379 fugassentque
329 2303 360 2362 in
377 2304 481 2364 Galliis
497 2313 526 2364 et
545 2306 705 2365 exuissent
723 2305 875 2381 exercitu,
897 2305 1059 2366 Scaurum-

82 2404 143 2464 que
165 2389 323 2447 Aurelium
344 2387 537 2446 consularem
559 2394 589 2446 et
612 2386 689 2445 alios
716 2387 905 2447 celeberrimi
928 2388 1059 2449 nominis

81 2473 168 2531 viros
183 2470 398 2544 trucidassent,
414 2470 548 2564 populus
558 2470 715 2529 Romanus
730 2485 791 2528 non
805 2471 896 2549 aliurn
881 2472 1059 2557 r·epellcn

83 2556 131 2614 dis
156 2554 249 2613 tantis
273 2553 416 2614 hostibus
440 2552 538 2626 magis
564 2552 708 2613 idoneum
733 2526 948 2640 imperatorem
968 2569 1059 2631 quam

81 2637 212 2697 Marium
227 2643 275 2695 est
287 2643 381 2697 ratus
404 2639 478 2696 Tum
493 2635 682 2711 multiplicati
697 2610 903 2696 consulatus
890 2632 966 2694 eius.
988 2632 1060 2693 Terss
1074 2638 1092 2691 3

81 2722 141 2780 tius
156 2719 187 2778 in
203 2727 353 2794 apparatu
363 2720 435 2780 belli
446 2726 663 2794 consumptum
684 2734 745 2794 quo
758 2734 837 2778 anno
851 2719 903 2778 Cn.
910 2715 1060 2778 Domitius

82 2801 222 2863 tribunus
246 2802 345 2876 plebis
367 2803 465 2876 legem
490 2804 570 2877 tulit,
596 2808 630 2862 ut
649 2802 842 2874 sacerdotes,
870 2817 950 2876 quos
971 2806 1061 2862 antea

82 2885 222 2958 collegae
235 2885 437 2956 sufficiebant,
453 2887 587 2960 populus
604 2891 729 2945 crearet.
752 2885 862 2958 Quarto
878 2890 962 2943 trans
973 2882 1061 2957 Alpis
1076 2886 1093 2940 4

83 2969 167 3028 cirea
180 2969 288 3042 Aquas
305 2966 427 3028 Sextias
444 2983 512 3026 cum
522 2967 666 3028 Teutonis
682 2965 828 3040 conflixit,
845 2967 975 3039 amplius
991 2979 1061 3024 een·

82 3059 146 3111 tum
163 3050 384 3125 quinquaginta
397 3048 480 3109 milia
494 3050 627 3110 hostium
647 3050 750 3125 priore
764 3065 800 3109 ac
816 3055 942 3123 postero
958 3046 1007 3106 die
1022 3047 1060 3106 ab

85 3150 122 3195 eo
138 3133 296 3206 trucidati,
312 3148 453 3208 gensque
468 3133 574 3192 excisa
588 3132 765 3193 Teutonum.
797 3131 905 3206 Quinto
921 3130 996 3190 eitra
1009 3130 1060 3188 Al-
1075 3137 1093 3189 5

82 3218 131 3291 pis
147 3217 179 3275 in
195 3217 327 3290 campis,
354 3216 465 3291 quihus
484 3230 596 3275 nomen
617 3223 682 3276 erat
694 3215 837 3288 Raudiis,
864 3216 932 3289 ipse
952 3213 1062 3274 consul

83 3306 114 3359 et
133 3300 304 3375 proconsul
322 3297 646 3373 permanserimus
667 3297 905 3360 fortunatissimo
925 3298 1063 3358 decerta·

83 3398 157 3443 vere
176 3382 313 3458 proella,
341 3397 433 3441 caesa
447 3388 499 3442 aut
514 3388 602 3456 capta
617 3381 747 3455 amplius
762 3380 893 3442 ducenta
912 3381 995 3441 milia
1007 3380 1062 3440 ho·

83 3466 208 3527 minum.
236 3465 301 3525 Hac
323 3464 450 3525 viatoria
470 3465 590 3525 videtur
609 3464 759 3524 meruisse
779 3463 910 3539 Marius,
935 3479 975 3523 ne
995 3461 1062 3524 eius
