2370 3946
203 245 412 308 HISTORIAE
429 245 622 308 ROMANAE
641 249 683 321 ll,
704 257 748 310 bl.
763 258 807 311 52·
954 247 997 313 47

16 401 88 461 torio
104 400 221 472 luerat,
237 399 336 474 ipsius
352 400 504 460 adventus
519 401 625 475 vigore
640 415 677 461 ac
691 402 812 478 fulgore
826 412 995 480 occupatus

19 497 48 542 sc
60 483 189 544 caesari
206 483 343 553 tradidit3
365 490 494 559 uterque
509 486 677 559 legatorum
692 492 722 544 el
736 486 877 561 quisquis
892 489 994 550 cuius·

21 583 71 642 que
87 565 209 628 ordinis
225 567 314 641 sequi
329 583 384 628 eos
400 569 551 641 voluerat,
567 568 688 629 remissi
705 571 743 628 ad
759 570 946 646 Pompeium.

92 651 142 710 LI.
177 650 322 711 Proximo
348 666 429 711 anno
451 668 518 712 cum
541 651 763 730 Dyrrhachium
785 671 821 714 ac
846 653 948 717 vicina
968 658 1026 717 eil

10 735 79 799 tubi
92 734 181 810 regio
197 736 307 795 castris
318 736 450 833 Pompei
457 735 647 808 retineretur,
663 738 715 811 qui
731 738 834 797 accitis
847 754 887 798 ex
898 741 995 801 omni-

10 800 69 880 itus
82 819 296 880 transmarinis
313 819 480 893 provinciis
495 820 681 894 legionibus,
703 823 890 896 equitumue
910 823 995 898 pedi

10 888 79 963 inm
90 901 230 974 auxiliis,
251 918 421 1000 regumque
436 910 467 963 et
485 904 703 964 tetrarcharum
725 906 876 979 simulque
898 906 994 981 dyna-

18 996 130 1049 aarum
153 986 252 1061 copiis
280 987 441 1047 immanem
467 988 634 1048 exercitum
659 990 834 1049 coniecerat
858 995 888 1048 et
912 1005 995 1049 mare

16 1069 179 1140 praesidiis
196 1070 356 1145 classium,
372 1077 406 1130 ut
418 1071 555 1146 rebatur,
570 1080 725 1146 sepserat,
742 1074 905 1148 quominus
921 1074 994 1133 Cae-

13 1165 64 1214 sar
77 1154 219 1229 legiones
235 1162 345 1230 posset
365 1155 580 1228 transmittere,
604 1172 661 1217 sua
676 1165 706 1216 et
721 1158 873 1217 celeritate
889 1164 919 1217 et
934 1158 994 1217 lor·

12 1238 85 1298 luna
99 1237 134 1297 0.
151 1237 266 1298 Caesar
279 1255 356 1299 usus
371 1238 444 1298 nihil
465 1238 495 1298 in
517 1255 601 1300 mora
622 1239 740 1314 habuit,
764 1240 927 1315 quominus
945 1257 992 1312 eo,

11 1332 81 1383 eum
93 1322 196 1397 vellet,
204 1323 273 1398 ipse
285 1324 502 1397 exercitusque
513 1322 664 1384 classibus
677 1327 848 1400 perveniret
859 1325 993 1399 etprimo

10 1414 113 1478 paene
128 1406 238 1467 castris
253 1407 379 1482 Pompei
394 1423 453 1468 sua
466 1408 619 1482 iungeret,
640 1424 713 1467 mox
728 1410 817 1469 etiam
832 1408 994 1470 obsidione

10 1491 273 1566 munimentisque
287 1506 356 1551 eum
372 1493 633 1565 complecteretur.
656 1491 718 1550 Sed
732 1492 836 1567 inopia
851 1493 994 1552 obsiden-
1009 1498 1027 1549 a

10 1571 94 1636 tibus
111 1590 204 1650 quam
219 1575 359 1636 obsessis
375 1582 439 1634 erat
458 1574 589 1648 gravior.
615 1574 690 1633 Tum
704 1575 819 1634 Balbus
836 1577 993 1635 Cornelius

10 1659 186 1721 excedente
213 1659 377 1718 humanam
402 1659 494 1718 fidem
519 1659 687 1718 temeritate
711 1658 871 1732 ingressus
893 1665 994 1718 castra

10 1732 150 1804 hostium
164 1743 354 1817 saepiusque
369 1759 437 1803 oum
448 1742 575 1802 Lentulo
591 1744 771 1802 conlocutus
788 1745 923 1814 consule,
938 1743 993 1801 du-

10 1816 129 1888 bitante
151 1826 257 1900 quanti
278 1842 313 1886 se
333 1827 493 1896 venderet,
519 1825 578 1885 illis
599 1825 790 1886 incrementis
812 1827 884 1886 lecit
904 1825 992 1898 viam,

10 1910 490 1984 nunus,nonm1nspannex
505 1912 568 1971 etue
587 1915 676 1970 natus
698 1911 755 1970 sed
769 1909 941 1986 Hispanus
963 1910 994 1968 in

10 1988 200 2068 hiumphum
223 2000 254 2052 et
275 1994 482 2067 pontificatum
505 1994 686 2068 adsurgeret
705 1995 852 2068 fieretque
873 2009 912 2053 ex
933 1993 993 2067 pri-

10 2082 86 2138 vato
103 2077 287 2137 consularis.
309 2077 466 2137 Variatum
481 2077 591 2136 deinde
608 2078 741 2152 proeliis,
756 2079 811 2137 sed
827 2095 888 2137 uno
904 2078 994 2150 longe
1007 2085 1042 2140 3.

10 2161 114 2236 magis
132 2159 329 2235 Pompeianis
356 2175 524 2236 prospero,
548 2177 609 2235 quo
633 2162 764 2234 graviter
784 2162 905 2236 impulsi
924 2170 995 2221 sunt
1035 2153 1042 2167 '

10 2236 158 2309 comam
176 2245 297 2306 milites.

95 2329 160 2388 LII.
197 2327 273 2388 Tum
299 2328 412 2388 Caesar
440 2345 508 2388 cum
538 2328 673 2387 exercitu
701 2329 821 2387 fatalem
847 2329 1024 2391 victoriael

115 2412 308 2473 'ilressaliam
332 2412 432 2487 petiit,
457 2410 636 2485 Pompeius,
662 2410 753 2484 longe
778 2412 902 2472 diversa
928 2413 994 2472 aliis

13 2497 15 2502 '
60 2495 234 2570 dentibus,
257 2512 388 2572 quorum
401 2496 540 2571 plerique
555 2493 766 2568 hortabantur,
788 2495 864 2553 utin
880 2496 995 2554 ltaliam

25 2581 246 2652 ²smitteret‚
276 2587 391 2656 (neque
415 2579 556 2640 hercules
583 2578 744 2653 quicquam
773 2577 910 2652 partibus
936 2577 994 2636 illis

25 2664 170 2725 ‘obrius
187 2665 254 2736 luit)
275 2663 341 2736 alii,
366 2671 399 2724 ut
418 2663 530 2724 bellum
551 2663 697 2734 traheret,
723 2663 807 2738 quod
821 2658 994 2736 dignatione

26 2764 31 2786 ·
46 2769 50 2795 ³
85 2747 147 2808 ‘um
162 2748 193 2806 in
208 2747 275 2807 dies
287 2746 364 2822 ipsis
374 2747 472 2822 magis
488 2764 667 2824 prosperum
680 2747 775 2818 fieret,
789 2762 866 2807 usus
880 2745 995 2820 impetu

22 2846 74 2891 ἶιιι
98 2830 222 2891 hostem
248 2837 372 2892 secutus
399 2837 454 2890 cst.
495 2833 599 2892 Aciem
625 2830 829 2890 Pharsalicum
856 2837 886 2890 et
914 2830 1029 2889 illumt

27 2940 41 2960 a
59 2939 63 2965 ι
79 2915 265 2976 ratissimum
276 2915 416 2976 Romano
434 2915 546 2974 nomini
557 2916 636 2974 diem
648 2921 823 2988 tantumque
835 2913 995 2986 utriusque

41 2999 171 3060 arcitus
186 3000 350 3073 profusum
364 2996 521 3072 sanguinis
536 3005 565 3058 et
580 2998 698 3057 conlisa
718 2998 795 3057 inter
809 3011 844 3056 se
860 2996 921 3055 duo
936 2996 994 3054 rei-

33 3078 53 3131 s.
67 3081 161 3143 licae
182 3083 283 3158 capita
304 3081 515 3155 effossumque
534 3083 661 3142 alterum
675 3081 804 3141 Romani
824 3079 931 3152 imperi
952 3079 995 3137 lu·

34 3190 101 3241 nt,
128 3172 174 3226 tot
197 3168 329 3241 talisque
349 3165 600 3240 Pompeianarum
626 3165 756 3240 partium
776 3179 885 3224 caesos
910 3162 995 3220 viros

41 3248 71 3304 su
91 3249 205 3326 recipit
218 3250 390 3310 enarranda
403 3248 453 3308 hic
464 3248 634 3322 scripturae
648 3249 769 3309 modus,
799 3247 876 3307 lllud
891 3251 996 3306 notan-
1011 3253 1030 3306 3

41 3356 81 3388 aa
103 3340 168 3393 esa
195 3341 230 3394 ul
243 3333 373 3409 primum
389 3332 419 3394 c.
436 3330 548 3392 Caesar
562 3332 733 3391 inclinatam
749 3332 825 3392 vidit
838 3328 996 3405 Pompeia·

46 3432 128 3478 *cnm
155 3417 268 3490 aciem,
293 3432 395 3492 neque
417 3416 502 3492 prius
528 3431 629 3491 neque
652 3416 806 3489 antiquius
834 3416 996 3491 quicquam

39 3529 40 3536 ι
63 3501 139 3578 uit,
157 3518 250 3579 qnam
264 3500 295 3561 in
311 3501 409 3562 omnis
424 3501 519 3578 partis
533 3507 579 3577 (ul
594 3499 711 3560 militari
727 3506 757 3561 et
770 3499 867 3560 verbo
880 3507 916 3558 ct
926 3514 1001 3556 eon-
