2340 3946
140 228 162 291 6
414 227 455 286 Μ.
477 226 617 287 VELLEI
637 227 852 289 PATERCULI

112 380 251 441 lannois
259 376 375 453 primus
384 377 491 438 Creon.
514 377 607 438 Sexta
617 377 806 456 Olympiade,
816 388 888 454 post
895 381 957 441 duo
972 388 1003 442 et
1013 380 1119 457 viginti

141 477 240 524 annos
255 477 347 536 quam
353 461 451 535 prima
464 461 628 522 constituta
634 463 741 537 luerat,
749 462 907 536 Romulus,
913 464 1019 524 Martis
1028 466 1119 540 filius,

139 548 220 608 ultus
234 545 359 606 iniurias
373 544 556 605 aviRomam
570 545 675 604 urbem
681 544 830 608 Parilibus
842 546 873 607 in
883 547 998 607 Palatio
1013 549 1119 609 eondi-

141 629 198 704 dit,
214 645 304 703 aquo
319 636 456 703 ternpore
475 630 514 688 ad
525 644 582 688 vos
600 630 743 706 consules
762 632 917 692 annisum
934 633 1119 706 septingenti

141 714 294 787 octoginta
310 729 407 782 unus;
425 712 457 772 id
468 719 569 773 actum
584 719 656 785 post
664 713 785 772 Troiam
804 722 931 789 captam·
942 713 1032 774 annis
1045 731 1119 791 qua·

110 797 307 872 odringcntis
318 796 440 869 triginta
451 803 579 870 septem.
606 795 641 854 Id
659 797 756 869 gessit
770 798 918 858 Romulus
935 798 1059 859 adiutus
1077 801 1119 859 le·

139 881 281 956 gionibus
289 879 403 940 Latinis
413 876 462 938 avi
474 878 538 948 sui;
550 878 678 938 libenter
685 880 765 939 onim
777 881 841 955 his,
854 881 906 956 qui
917 880 959 941 ita
973 881 1119 957 prodide

138 971 217 1039 runt,
231 963 425 1035 accesserim,
435 978 503 1021 cum
515 962 601 1023 aliter
611 962 732 1022 firmare
740 965 846 1025 urbem
853 980 964 1025 novam
972 973 1033 1026 tam
1045 965 1118 1024 vici·

140 1047 375 1108 nisVeientibus
387 1045 517 1118 aliisque
529 1045 666 1105 Etruscis
680 1062 717 1106 aa
731 1046 853 1107 Sabinis
872 1064 941 1108 curn
961 1049 1078 1107 imbelli
1090 1056 1119 1108 et

140 1131 287 1206 pastorali
298 1127 391 1189 manu
401 1129 454 1186 vix
466 1129 606 1203 potuerit,
619 1145 804 1204 quamquam
812 1131 975 1208 eamasylo
984 1131 1065 1192 lacto
1074 1132 1118 1190 in·

139 1222 186 1274 ter
197 1215 275 1275 duos
288 1215 374 1272 lucos
386 1212 479 1272 auxit.
500 1212 556 1285 Hic
568 1219 689 1272 centum
700 1212 840 1274 homines
854 1215 971 1274 electos
983 1216 1118 1290 appella·

139 1305 250 1373 tosque
264 1303 366 1372 patres
380 1294 589 1355 instarhabuit
602 1295 848 1370 consilipublici.
869 1297 955 1356 Hanc
969 1298 1117 1371 originem

140 1396 251 1440 nomen
258 1379 452 1454 patriciorum
458 1378 558 1438 habet.
573 1379 689 1453 Raptus
697 1379 848 1454 virgiuum
855 1378 1085 1440 Sabinarum**
1093 1378 1118 1445 *.

95 1471 97 1474 ’
223 1461 301 1500 ***
334 1463 397 1522 Nec
414 1463 514 1521 minus
526 1463 626 1522 clarus
645 1478 682 1521 ea
699 1470 878 1538 tempestate
900 1462 956 1523 luit
975 1462 1118 1524 Miltiadis

140 1546 350 1608 filiuseimon.
372 1543 671 1588 **********

112 1643 127 1694 l
223 1630 272 1690 IX.
318 1630 333 1666 *
349 1627 365 1667 *
380 1628 396 1667 *
411 1628 425 1666 *
439 1627 796 1705 quamtimuerathostis‚
813 1631 937 1705 expetit.
952 1629 1027 1688 Nam
1035 1630 1118 1690 bien·

141 1714 191 1776 nio
204 1715 282 1774 adeo
297 1714 381 1774 varia
396 1714 517 1774 fortuna
530 1728 598 1773 cum
611 1714 787 1773 consulibus
800 1712 995 1786 conflixerat,
1012 1721 1045 1774 ut
1057 1716 1118 1787 ple·

140 1813 269 1872 rumque
295 1798 436 1871 superior
457 1795 547 1857 luerit
567 1811 770 1871 magnamque
790 1804 908 1870 partem
923 1796 1072 1856 Graeciae
1089 1797 1118 1857 iu

112 1881 317 1944 dsocietatem
330 1896 417 1939 suam
430 1880 504 1954 perd
510 1886 619 1939 uceret.
650 1878 988 1954 QuinRhodiiquoque,
1005 1879 1118 1940 fidelis·

117 1999 120 2005 -
142 1963 210 2024 simi
232 1971 321 2023 antea
336 1963 499 2034 Romanis,
525 1968 588 2021 tum
608 1961 701 2020 dubia
720 1961 782 2019 lide
797 1963 947 2033 speculati
968 1963 1119 2022 ronanam

143 2046 304 2122 proniores
318 2046 400 2120 regis
415 2045 552 2120 partibus
568 2044 664 2102 luisse
678 2042 737 2103 visi
753 2051 839 2117 sunt,
856 2051 886 2105 ct
898 2061 955 2104 rcx
965 2045 1119 2106 Eumenes

140 2131 170 2189 in
185 2147 222 2190 eo
236 2129 317 2190 bello
332 2129 451 2189 medius
468 2128 544 2200 [suit]
561 2127 661 2188 animo
676 2142 778 2202 neque
799 2128 897 2188 fratris
913 2127 1004 2190 initiis
1020 2145 1120 2204 nequo

113 2225 218 2280 asuae
238 2211 398 2287 respondit
418 2209 641 2272 consuetudini.
675 2210 749 2270 Tum
770 2218 897 2272 senatus
922 2213 1119 2288 populusque

141 2298 297 2357 Romanus
319 2295 351 2353 L.
366 2293 527 2354 Aemilium
547 2293 687 2367 Paulum,
709 2294 760 2369 qui
786 2303 816 2355 et
830 2303 953 2370 praetor
968 2302 998 2357 et
1011 2300 1120 2358 consul

139 2380 390 2453 triumphaverat,
413 2379 509 2438 virum
532 2378 562 2436 in
577 2384 691 2438 tantum
705 2379 906 2452 laudandum,
928 2380 1120 2454 inquantum

140 2463 273 2537 intellegi
287 2465 384 2523 virtus
396 2470 515 2538 potest,
531 2464 688 2523 consulem
701 2463 831 2538 creavit,
847 2462 941 2523 filium
954 2463 1021 2522 eius
1027 2463 1119 2540 Pauli,

143 2547 195 2622 qui
210 2546 250 2607 ad
266 2546 385 2606 Cannas
398 2562 489 2623 quam
503 2546 742 2620 tergiversanter
756 2546 959 2621 perniciosam
975 2547 1120 2621 reipubli-

72 2638 77 2645 '
112 2643 130 2699 4
144 2646 198 2691 cae
212 2646 346 2706 pugnam
359 2631 481 2700 inierat,
496 2634 557 2688 tam
572 2629 688 2689 fortiter
702 2629 733 2688 in
748 2645 785 2690 ea
799 2630 1073 2695 mortemobierat.
1091 2633 1120 2692 ls

140 2715 265 2773 Persam
285 2714 398 2787 ingenti
422 2712 540 2786 proelio
563 2712 646 2786 apud
666 2712 771 2773 urbem
793 2713 915 2774 nomine
930 2714 1071 2791 Pydnam
1091 2715 1120 2775 in

140 2795 323 2856 Macedonia
334 2796 436 2856 lusum
449 2796 647 2869 fugatumque
655 2798 763 2857 castris
775 2797 858 2858 exuit
870 2797 1042 2873 deletisque
1054 2800 1120 2860 eius

142 2879 239 2954 copiis
255 2880 430 2941 destitutum
443 2877 525 2940 omni
540 2895 597 2953 spe
609 2881 709 2954 coegit
723 2880 928 2943 eMaoedonia
938 2883 1120 2957 profugere3
1162 2924 1164 2935 .

143 2979 234 3038 quam
245 2964 295 3023 ille
306 2963 448 3038 linquens
460 2962 490 3023 iu
510 2963 639 3024 insulam
654 2963 892 3025 Samothraciam
903 2966 1038 3040 profugit
1047 2973 1120 3027 lem·

143 3048 247 3123 piique
262 3063 296 3108 sc
310 3048 448 3122 religioni
463 3048 634 3122 supplicem
649 3048 786 3108 credidit.
814 3049 864 3108 Ad
878 3063 947 3109 eum
963 3048 1016 3108 Cn.
1032 3048 1120 3111 Oeta-

141 3131 210 3190 vius
223 3138 356 3205 praetor,
372 3131 423 3205 qui
435 3132 529 3191 classi
543 3139 691 3207 praeerat,
709 3132 846 3205 pervenit
856 3139 886 3192 el
895 3133 1013 3194 ratione
1024 3133 1122 3209 magis

143 3229 235 3289 quam
256 3213 287 3272 vi
303 3215 469 3289 persuasit,
490 3223 524 3276 ut
545 3231 580 3277 se
593 3218 799 3277 Romanorum
819 3215 892 3277 fidei
913 3217 1121 3279 committeret,

112 3297 187 3357 olla
201 3296 315 3357 Paulus
329 3296 493 3358 maximum
505 3298 790 3373 nobilissimumque
803 3313 907 3373 regem
922 3302 953 3361 in
967 3299 1121 3374 triumpho

143 3380 239 3441 duxit.
266 3379 332 3453 Quo
341 3397 420 3442 anno
429 3388 459 3440 et
473 3381 734 3459 Octavipraetoris
749 3383 867 3443 navalis
879 3384 1003 3446 etAnici
1016 3399 1122 3458 regem

142 3462 316 3539 lllyriorum
331 3463 469 3526 Gentium
493 3474 564 3528 ante
589 3482 710 3527 currum
731 3467 849 3541 agentis
870 3467 1013 3544 triumphi
1034 3468 1121 3529 luera
