2340 3946
212 256 421 320 fflsuoalta
442 257 635 320 ROMANAE
656 259 698 332 ΙΙ,
717 265 761 321 48.
936 253 978 316 45

10 415 96 472 {vern
109 411 262 483 occisum,
280 428 341 485 quo
357 426 446 471 nemo
461 411 664 486 perniciosior
678 411 864 487 reipublicae
876 426 978 488 neque

10 494 88 556 onis
103 493 254 554 inimicior
269 493 395 556 vixerat.

53 580 56 587 “
81 577 215 637 ΧΙΝΙΙΙ.
247 579 330 638 intra
342 579 437 638 breve
453 579 565 638 deinde
579 579 710 655 spatium
726 579 796 638 belli
812 579 910 639 civilis
925 594 977 638 ex·
994 582 1006 634 1

10 668 141 724 rserunt
160 660 258 734 initia,
281 677 349 722 cunr
370 663 555 723 iustissimus
574 661 706 738 quisque
727 670 757 723 et
771 680 789 722 a
805 663 935 722 Caesare
950 668 980 721 et

27 745 179 821 Pompeio
198 746 290 805 vellet
311 746 416 807 dimitti
436 746 605 817 exercitus3
628 747 744 822 quippe
764 745 928 820 Pompeius
948 743 979 805 in

10 829 138 890 ecundo
155 829 316 889 consulatu
329 828 495 905 Hispanias
515 830 573 890 sibi
588 831 711 891 decerni
732 831 885 903 voluerat,
910 845 979 889 eas-

10 929 61 988 rue
84 927 141 987 per
159 912 320 973 triennium
341 912 454 973 absens
481 913 550 988 ipse
571 930 608 974 aa
628 914 810 989 praesidens
830 911 899 973 urbi
924 927 980 987 per

10 996 159 1056 afranium
180 1002 210 1056 et
222 995 387 1069 Petreium,
410 1000 601 1058 consularem
616 1014 653 1058 ac
674 998 874 1074 praetorium,
896 997 979 1069 lega·

10 1094 49 1141 aa
65 1095 155 1153 suos,
182 1079 413 1141 administrabat
428 1090 458 1142 et
477 1080 516 1142 iis
532 1083 584 1156 qui
599 1098 617 1142 a
632 1082 763 1142 Caesare
785 1080 979 1145 dimittendos

10 1164 154 1225 xercitus
181 1164 421 1239 contendebant,
446 1166 678 1237 adsentabatnr,
704 1165 741 1225 iis
767 1165 820 1241 qui
845 1164 883 1224 ab
908 1161 979 1237 ipso

10 1262 141 1323 tuoque,
167 1248 396 1309 adversabatur.
430 1249 485 1323 Qui
500 1250 527 1309 si
548 1256 618 1309 ante
638 1249 811 1328 biennium,
833 1263 925 1324 quam
940 1246 1011 1309 adt

10 1346 86 1391 rma
109 1331 183 1391 itum
208 1336 269 1407 est,
296 1333 439 1407 perlectis
464 1332 641 1393 muneribus
666 1333 775 1394 theatri
801 1340 831 1393 et
850 1331 979 1392 aliorum

10 1428 144 1489 eperum,
160 1431 239 1489 quae
254 1415 282 1475 ei
297 1415 505 1490 circumdedit,
521 1417 703 1490 gravissima
717 1424 849 1477 tentatus
863 1417 979 1476 valetu-

10 1492 72 1581 line
86 1498 275 1559 decessisset
289 1499 319 1559 in
336 1498 516 1574 campania,
540 1516 601 1574 quo
618 1500 741 1574 quidem
760 1507 898 1574 tempore
912 1498 978 1558 uni·

10 1590 91 1640 tersa
104 1582 190 1642 ltalia
204 1587 276 1641 vota
290 1597 347 1655 pro
369 1582 570 1654 salutemus,
593 1582 681 1656 primi
703 1582 837 1641 omnium
858 1583 979 1654 civium,

10 1665 147 1738 suscepit,
164 1663 463 1724 deluissetlortunae
475 1664 652 1724 destruendi
664 1664 731 1724 eius
742 1666 830 1724 iocus
842 1672 872 1723 et
887 1680 979 1737 quam

10 1740 83 1823 ¹tltttd
99 1762 231 1820 superos
253 1745 401 1806 habuerat
414 1746 666 1822 magnitudinem,
688 1748 839 1808 inlibatam
857 1748 979 1808 detulis-

10 1837 51 1891 lat
62 1831 102 1890 ad
117 1831 243 1896 interos.
270 1829 357 1890 Bello
374 1837 474 1891 autem
492 1830 573 1891 civili
587 1839 618 1891 et
640 1840 682 1892 tot
698 1847 776 1906 quae
792 1831 904 1891 deinde
924 1842 1011 1906 pers

10 1914 162 1995 lantinuos
178 1911 285 1987 viginti
306 1929 405 1974 annos
422 1922 589 1974 consecuta
603 1921 688 1987 sunt,
715 1914 803 1975 malis
824 1931 885 1975 non
901 1914 978 1976 alius

10 1998 144 2057 maiorem
164 1995 451 2073 flagrantioremque
467 2015 557 2073 quam
574 1999 603 2058 C.
621 1999 710 2059 Curio
724 1999 862 2059 tribunus
880 1997 978 2073 plebis

10 2078 130 2141 'subiecit
143 2081 250 2154 lacem,
265 2078 311 2139 vir
325 2081 436 2141 nobilis
438 2083 618 2156 ,eloquens
630 2083 742 2154 audax,
759 2081 978 2142 succutienae·

10 2174 62 2239 aue
75 2170 106 2224 et
119 2165 258 2224 fortunae
278 2170 308 2223 et
323 2127 488 2240 pudicitiae
510 2167 674 2240 prodigus,
689 2166 804 2226 homo
796 2165 978 2240 rngcniosis-

10 2245 78 2313 flme
89 2263 222 2324 nequam
230 2255 260 2308 et
272 2247 422 2308 lacundus
435 2250 515 2308 malo
524 2251 657 2323 publico,
665 2266 752 2309 curus
766 2250 867 2309 animo
881 2249 979 2322 [volu-

10 2322 133 2393 tibus
142 2331 190 2390 vel
201 2330 387 2403 libidinibus]
396 2347 498 2405 neque
511 2347 587 2405 opes
596 2333 675 2391 ullae
687 2348 788 2407 neque
796 2333 978 2407 cupiditates

54 2414 146 2475 ficere
160 2421 298 2490 possent.
319 2414 376 2474 Hic
391 2415 489 2489 primo
507 2430 561 2488 pro
576 2414 700 2488 Pompei
717 2416 865 2488 partibus,
879 2416 979 2489 idest,
994 2424 1012 2476 t

25 2570 28 2575 ἱ
48 2502 117 2559 tunc
131 2498 307 2571 habebatur,
323 2516 380 2573 pro
395 2498 563 2572 republica,
578 2513 651 2557 mox
666 2496 859 2557 simulatione
874 2504 980 2556 contra
1010 2560 1011 2563 ,

32 2583 177 2656 ompeium
198 2589 228 2642 et
248 2582 408 2642 caesarem
436 2582 493 2642 sed
519 2581 619 2642 animo
642 2596 699 2656 pro
724 2579 855 2640 Caesare
882 2581 979 2648 stetin

49 2665 140 2738 aratis
160 2674 339 2741 anaccepto
361 2666 477 2726 centies
498 2666 640 2727 sestertio
663 2663 783 2738 lecerit,
805 2672 839 2725 ut
860 2663 979 2739 accepi-

28 2762 85 2822 ‚us,
104 2750 135 2809 in
157 2750 258 2810 medio
281 2751 500 2825 relinquemus.
535 2750 586 2810 Ad
607 2749 741 2809 ultimum
763 2748 1012 2810 saluberrimas5

25 2834 57 2903 et]
71 2833 272 2895 coalescentis
287 2834 486 2895 condiciones
501 2833 597 2909 pacis,
614 2848 691 2907 quas
707 2841 738 2893 et
749 2832 883 2894 Caesar
874 2833 978 2893 rastis

61 2915 205 2976 oanimo
231 2919 405 3014 postulabat
430 2925 461 2977 et
484 2917 649 2992 Pompeius
675 2932 774 2991 aequo
800 2917 979 2992 recipiebat,

33 2991 147 3060 'cussit
161 3016 197 3060 ae
217 3001 299 3077 rupit
318 3001 407 3061 unice
423 3007 549 3061 cavente
564 3000 711 3060 Cicerone
725 2999 910 3060 concordiae
924 3016 979 3073 pu·

41 3078 107 3143 'cae
135 3083 249 3144 Harum
270 3084 563 3161 praeteritorumque
583 3100 684 3146 rerum
706 3084 782 3144 ordo
803 3099 871 3143 cum
892 3080 1011 3146 iustisd

48 3178 130 3227 urum
151 3169 356 3230 voluminibus
378 3176 550 3243 promatur,
571 3176 648 3241 tum,
669 3167 712 3227 uti
733 3183 842 3242 spero,
864 3163 979 3227 nosuis

29 3302 37 3331 ·.
47 3248 217 3323 plicabitur:
240 3268 323 3312 nune
342 3252 503 3328 proposito
526 3250 612 3325 operi
633 3267 691 3311 sua
711 3252 809 3310 forma
823 3251 978 3324 reddatur,

56 3333 138 3405 prius
159 3337 327 3410 gratulatus
348 3351 401 3398 ero
423 3336 457 3410 Q.
473 3335 592 3406 catulo,
619 3334 741 3394 duobus
760 3335 894 3394 Lucullis
914 3334 979 3395 Me·

57 3429 135 3491 oque
155 3425 185 3479 et
199 3418 379 3493 Hortensio,
403 3419 456 3496 qui
477 3435 545 3479 cum
566 3418 633 3478 sine
647 3417 762 3477 invidia
776 3419 806 3477 in
821 3417 980 3492 republica

51 3499 181 3563 ruissent
191 3503 454 3580 eminuissentque
469 3504 535 3563 sine
551 3501 697 3578 periculo,
715 3500 817 3576 quieta
831 3509 883 3562 aut
897 3507 979 3562 certe
