2340 3946
155 113 198 180 72
429 111 470 171 Μ.
488 109 629 170 vxttttt
649 108 865 172 PATaRctttt

154 266 218 343 riae
233 263 367 338 inopiam
381 261 423 321 ita
438 260 540 322 Ostiae
554 266 647 336 atque
662 260 692 320 iu
707 262 784 322 urbe
796 262 940 322 mandato
956 259 1054 322 vitrici
1067 278 1116 324 mc

115 374 120 381 ·
151 346 279 408 iteratus
294 352 356 420 est,
379 351 412 405 ut
433 361 489 420 per
509 345 555 419 id,
578 343 661 421 quod
681 344 805 419 agebat,
828 352 960 420 quantus
984 361 1118 409 evasurus
1146 361 1170 407 a

123 440 139 490 2
155 437 253 502 esset,
276 431 417 490 eluceret.
444 429 507 489 Nec
522 430 615 489 multo
633 435 704 503 post
717 428 832 489 missus
848 427 886 489 ab
902 431 1015 490 eodem
1030 432 1119 492 vitrico
1146 434 1161 491 l

155 531 224 575 cum
236 513 370 575 exercitu
382 512 422 573 ad
433 513 579 572 visendas
592 512 842 588 ordinandasqae
852 529 932 588 quae
944 514 1005 574 sub
1015 512 1119 575 Oriente

155 604 240 673 sunt,
255 598 430 674 provincias
446 593 620 672 praecipuis
637 597 769 657 omnium
785 597 927 658 virtutum
942 599 1118 673 experimer-
1149 612 1170 660 l·

153 682 192 743 tis
212 683 242 742 in
264 698 301 742 eo
324 688 422 743 tractu
439 679 545 754 editis,
569 695 638 739 cum
658 677 831 755 legionibus
852 681 1013 756 ingressus
1028 683 1119 743 Arme

153 767 244 840 niam,
256 766 380 827 redacta
388 781 424 825 ea
437 764 467 824 in
483 770 662 838 potestatem
677 765 782 839 populi
790 766 918 826 Romani
930 781 1059 841 regnum
1067 767 1119 827 elus
1152 794 1162 820 l

153 850 317 911 Artavasdi
333 849 425 909 dedit.
456 848 530 906 Tum
546 862 601 906 rex
618 863 742 923 quoque
756 847 934 908 Parthorum
950 850 1025 910 tanti
1040 847 1120 911 noni·
1151 875 1170 909 ·-

153 935 201 995 nis
216 935 296 995 lama
310 934 430 995 territus
446 931 559 993 liberos
577 948 653 992 suos
669 932 708 991 ad
723 932 885 993 caesarem
900 933 983 994 misit
997 932 1120 994 obsides.
1153 959 1169 988 a

122 1028 137 1079 1
232 1019 322 1080 XCV.
349 1017 519 1077 Reversum
537 1015 609 1075 inde
622 1015 773 1075 Neronem
788 1017 901 1077 caesar
921 1015 1005 1078 haud
1019 1017 1119 1077 medic
1153 1037 1169 1076 u

154 1103 214 1163 cris
229 1102 301 1164 belli
315 1100 395 1160 mole
407 1099 539 1174 experiri
554 1099 666 1173 statuit,
684 1098 822 1161 adiutore
838 1099 942 1176 operis
954 1099 1027 1161 dato
1044 1102 1119 1161 tratre
1153 1102 1169 1160 b

153 1187 251 1262 ipsius
267 1186 368 1245 Druso
385 1183 527 1256 Claudio,
550 1199 641 1258 quem
656 1183 734 1244 intra
748 1183 888 1244 Caesaris
908 1185 1029 1260 penatis
1045 1181 1121 1244 enixa

120 1279 137 1331 a
153 1276 218 1331 erat
230 1267 325 1328 Livia.
354 1266 474 1342 Quippe
488 1274 618 1343 uterque
633 1268 740 1328 divisis
756 1268 893 1343 partibus
908 1267 1047 1329 Rhaetos
1061 1268 1120 1329 Vir
1160 1314 1165 1327 .

152 1351 332 1426 delicosque
358 1351 515 1426 adgressi,
541 1350 643 1413 multis
667 1351 787 1413 urbium
809 1358 839 1412 et
860 1352 1057 1413 castellorum
1077 1366 1120 1426 op
1160 1371 1168 1412 r

151 1435 389 1512 pugnationibus
401 1451 458 1496 nec
470 1453 531 1497 nou
544 1437 659 1496 directa
670 1452 795 1511 quoque
805 1435 872 1496 acie
887 1435 1015 1496 feliciter
1029 1433 1120 1507 iuncti
1162 1455 1169 1473 ν

151 1520 251 1594 gentis
272 1519 348 1581 loeis
371 1521 554 1592 tutissimas,
580 1520 664 1580 aditu
685 1520 894 1592 difficillimas,
922 1535 1051 1580 numero
1074 1520 1120 1579 lla·
1163 1548 1170 1573 t

153 1605 284 1680 quentis,
304 1604 422 1665 feritate
437 1605 531 1666 trucis
547 1604 662 1665 maiore
677 1619 745 1663 cum
761 1605 897 1678 periculo
914 1620 1006 1677 quam
1021 1605 1120 1665 damno

150 1689 280 1749 Romani
297 1689 467 1761 exercitus,
490 1688 619 1763 plurimo
641 1702 710 1747 cum
731 1702 835 1747 earum
857 1688 1007 1761 sanguine
1022 1687 1120 1764 perdo
1169 1727 1170 1731 ,

118 1781 299 1843 emuerunt.
321 1777 402 1832 Ante
419 1787 498 1846 quae
512 1779 651 1845 tempora
666 1786 798 1830 censura
807 1769 912 1830 Planci
926 1777 956 1829 et
966 1770 1052 1831 Pauli
1066 1777 1121 1831 aaa
1162 1807 1170 1829 t

151 1855 229 1916 inter
251 1856 437 1916 discordiam
459 1869 560 1928 neque
580 1853 657 1928 ipsis
679 1851 804 1928 honori,
825 1869 926 1927 neque
945 1855 1121 1930 reipublicae
1160 1882 1169 1912 ,ι

151 1939 221 2000 usui
239 1941 351 2012 iuerat,
374 1954 442 1998 cum
464 1937 550 1996 alteri
572 1935 619 1996 vis
636 1937 792 2011 censoria,
816 1935 901 1996 alteri
920 1937 984 1997 vita
999 1938 1120 2009 deesset,
1161 1988 1163 1994 .

150 2023 263 2083 Paulus
279 2024 331 2082 vix
347 2027 456 2096 posset
469 2020 597 2094 implere
613 2035 789 2094 censorem,
810 2019 941 2081 Plancus
957 2020 1065 2082 timere
1078 2021 1120 2082 dc·
1159 2045 1170 2093 ,ι

149 2107 236 2167 beret
249 2121 306 2165 nec
325 2105 489 2179 quicquam
501 2103 634 2164 obiicere
646 2111 755 2180 posset
766 2104 1027 2179 adulescentibus,
1049 2102 1121 2181 quod
1159 2129 1167 2160 ,ι

150 2205 212 2248 non
228 2197 413 2263 agnosceret
428 2204 524 2249 senex
541 2194 593 2249 aut
608 2187 777 2249 obiicientis
795 2189 922 2250 audiret.

120 2285 134 2336 1
231 2272 335 2332 XCVI.
368 2271 453 2334 Mors
469 2273 581 2333 deiude
595 2272 768 2349 Agrippae,
791 2273 844 2348 qui
865 2274 1030 2335 novitatem
1045 2285 1122 2334 suan

1167 2380 1170 2409 t

150 2356 251 2416 multis
265 2356 359 2417 rebus
374 2356 589 2419 nobilitaverat
605 2365 698 2433 atque
712 2356 743 2417 in
759 2356 819 2416 hoc
835 2358 1034 2433 perduxerat,
1057 2363 1089 2417 ut
1098 2359 1123 2413 et

149 2439 279 2502 Neronis
292 2449 376 2503 esset
387 2457 486 2516 socer,
503 2442 653 2516 cuiusque
667 2441 791 2514 liberos,
807 2448 936 2517 nepotes
952 2458 1029 2503 suos
1043 2441 1123 2500 divas
1160 2464 1170 2549 fi

149 2526 308 2600 Augustus
326 2526 512 2602 praepositis
525 2525 580 2585 Gai
595 2541 631 2585 ac
642 2525 716 2584 Luci
731 2525 904 2586 nominibus
920 2524 1123 2600 adoptaverat,
1162 2559 1170 2625 i

150 2609 286 2670 admovit
300 2610 429 2684 propius
440 2610 591 2669 Neronem
604 2607 742 2668 Caesari:
759 2607 874 2685 quippe
888 2609 964 2669 lulla
978 2609 1042 2669 lilia
1055 2609 1124 2678 eius,
1162 2627 1170 2652 r

117 2700 134 2752 a
150 2708 230 2767 quae
246 2692 344 2752 luerat
354 2693 512 2768 Agrippae
526 2698 636 2766 nupta,
651 2691 765 2753 Neroni
780 2693 893 2768 nupsit.
916 2692 1054 2754 Subinde
1069 2690 1123 2751 bel·
1169 2736 1170 2740 ,

148 2776 210 2834 lum
224 2774 447 2851 Pannonicum,
468 2776 552 2851 quod
566 2775 741 2838 inchoatum
755 2776 794 2836 ab
810 2777 950 2852 Agrippa
964 2777 1124 2850 Marcoque
1164 2793 1170 2872 q

43 2918 45 2922 .
148 2857 280 2934 Vinicio,
296 2876 354 2921 avo
370 2868 432 2933 tuo,
447 2860 610 2936 consulari,
625 2875 768 2935 magnum
779 2867 930 2935 atroxque
941 2868 970 2921 et
982 2871 1124 2935 perquam
1166 2885 1170 2937 q

116 2944 280 3006 evicinum
297 2944 472 3004 imminebat
481 2945 596 3017 Italiae,
612 2960 667 3019 per
677 2944 829 3009 Neronem
840 2952 960 3019 gestum
971 2950 1028 3005 est.
1053 2945 1124 3005 Gen·
1167 2944 1170 3040 l

148 3027 188 3088 tis
209 3028 436 3089 Pannoniorum
457 3030 726 3104 Delmatarumque
747 3029 887 3088 nationes
909 3029 1064 3103 situmque
1083 3040 1125 3086 re
1168 3045 1170 3054 ⁴

148 3111 274 3186 gionrun
294 3129 331 3172 ac
350 3111 508 3173 fluminum
529 3128 751 3187 numerumque
772 3119 802 3173 et
816 3112 939 3172 modum
954 3111 1064 3173 virium
1078 3124 1124 3170 ex-

150 3194 402 3271 celsissimasque
424 3204 454 3257 et
474 3197 648 3272 multiplicis
669 3212 706 3257 eo
727 3197 808 3257 bello
829 3196 974 3257 victorias
991 3197 1063 3256 tanti
1078 3194 1125 3253 im

149 3280 301 3353 peratoris
315 3280 374 3342 alio
389 3282 459 3341 loco
471 3280 708 3356 explicabimus:
723 3279 875 3355 hocopus
889 3282 1127 3341 servetiormam

148 3377 247 3423 suam.
274 3364 371 3426 Huius
387 3365 533 3426 victoriae
548 3381 676 3441 compos
690 3363 770 3428 Nero
787 3380 883 3424 ovans
898 3363 1102 3439 triumphavit
