<?xml version="1.0" encoding="UTF-8"?>
<!DOCTYPE html PUBLIC "-//W3C//DTD XHTML 1.0 Transitional//EN"
    "http://www.w3.org/TR/xhtml1/DTD/xhtml1-transitional.dtd">
<html xmlns="http://www.w3.org/1999/xhtml" xml:lang="en" lang="en">
 <head>
  <title>
</title>
<meta http-equiv="Content-Type" content="text/html;charset=utf-8" />
  <meta name='ocr-system' content='tesseract 3.04.00' />
  <meta name='ocr-capabilities' content='ocr_page ocr_carea ocr_par ocr_line ocrx_word'/>
</head>
<body>
  <div class='ocr_page' id='page_1' title='image "./mvelleipatercul00pategoog_0017.png"; bbox 0 0 2370 3946; ppageno 0'>
   <div class='ocr_carea' id='block_1_1' title="bbox 113 224 873 286">
    <p class='ocr_par' dir='ltr' id='par_1_1' title="bbox 113 224 873 286">
     <span class='ocr_line' id='line_1_1' title="bbox 113 224 873 286; baseline 0.004 -3"><span class='ocrx_word' id='word_1_1' title='bbox 113 224 133 260; x_wconf 76' lang='lat'>¹</span> <span class='ocrx_word' id='word_1_2' title='bbox 378 235 476 284; x_wconf 80' lang='lat' dir='ltr'>FRID.</span> <span class='ocrx_word' id='word_1_3' title='bbox 493 233 628 285; x_wconf 80' lang='lat' dir='ltr'>HAASII</span> <span class='ocrx_word' id='word_1_4' title='bbox 643 235 873 286; x_wconf 77' lang='lat' dir='ltr'><strong>PRAEFATIO.</strong></span> 
     </span>
    </p>
   </div>
   <div class='ocr_carea' id='block_1_2' title="bbox 105 367 1050 3433">
    <p class='ocr_par' dir='ltr' id='par_1_2' title="bbox 105 367 1049 488">
     <span class='ocr_line' id='line_1_2' title="bbox 172 367 1049 432; baseline -0.011 -4"><span class='ocrx_word' id='word_1_5' title='bbox 172 367 222 429; x_wconf 70' lang='lat'>32,</span> <span class='ocrx_word' id='word_1_6' title='bbox 235 368 262 423; x_wconf 88' lang='grc'>4.</span> <span class='ocrx_word' id='word_1_7' title='bbox 285 368 479 432; x_wconf 80' lang='lat' dir='ltr'><em>praedonesque</em></span> <span class='ocrx_word' id='word_1_8' title='bbox 521 383 556 418; x_wconf 90' lang='lat' dir='ltr'>ae</span> <span class='ocrx_word' id='word_1_9' title='bbox 560 383 599 432; x_wconf 92' lang='lat' dir='ltr'>pe</span> <span class='ocrx_word' id='word_1_10' title='bbox 622 374 719 417; x_wconf 88' lang='lat' dir='ltr'>antea</span> <span class='ocrx_word' id='word_1_11' title='bbox 741 371 823 418; x_wconf 85' lang='lat' dir='ltr'>multis</span> <span class='ocrx_word' id='word_1_12' title='bbox 843 371 915 427; x_wconf 84' lang='lat' dir='ltr'>locis,</span> <span class='ocrx_word' id='word_1_13' title='bbox 940 368 979 418; x_wconf 88' lang='lat' dir='ltr'>vel</span> <span class='ocrx_word' id='word_1_14' title='bbox 997 376 1049 418; x_wconf 91' lang='lat' dir='ltr'>aut</span> 
     </span>
     <span class='ocr_line' id='line_1_3' title="bbox 105 434 322 488; baseline -0.014 -2"><span class='ocrx_word' id='word_1_15' title='bbox 105 441 185 488; x_wconf 83' lang='lat' dir='ltr'>multis</span> <span class='ocrx_word' id='word_1_16' title='bbox 196 439 265 486; x_wconf 67' lang='lat' dir='ltr'>locu.</span> <span class='ocrx_word' id='word_1_17' title='bbox 288 434 322 484; x_wconf 90' lang='lat' dir='ltr'>M.</span> 
     </span>
    </p>

    <p class='ocr_par' dir='ltr' id='par_1_3' title="bbox 172 499 790 566">
     <span class='ocr_line' id='line_1_4' title="bbox 172 499 790 566; baseline 0.002 -16"><span class='ocrx_word' id='word_1_18' title='bbox 172 499 259 561; x_wconf 85' lang='lat'>33,1.</span> <span class='ocrx_word' id='word_1_19' title='bbox 279 501 404 564; x_wconf 88' lang='lat' dir='ltr'>pecuniae</span> <span class='ocrx_word' id='word_1_20' title='bbox 418 501 601 565; x_wconf 75' lang='lat' dir='ltr'><em>polluebatur</em></span> <span class='ocrx_word' id='word_1_21' title='bbox 612 503 737 566; x_wconf 88' lang='lat' dir='ltr'>cupidine.</span> <span class='ocrx_word' id='word_1_22' title='bbox 760 502 790 551; x_wconf 94' lang='lat' dir='ltr'>B.</span> 
     </span>
    </p>

    <p class='ocr_par' dir='ltr' id='par_1_4' title="bbox 105 565 1049 1234">
     <span class='ocr_line' id='line_1_5' title="bbox 172 565 1047 635; baseline 0.001 -18"><span class='ocrx_word' id='word_1_23' title='bbox 172 565 311 628; x_wconf 79' lang='grc'><strong>37,1-4.</strong></span> <span class='ocrx_word' id='word_1_24' title='bbox 335 567 391 617; x_wconf 90' lang='lat' dir='ltr'>Nou</span> <span class='ocrx_word' id='word_1_25' title='bbox 408 568 480 618; x_wconf 89' lang='lat' dir='ltr'>credo</span> <span class='ocrx_word' id='word_1_26' title='bbox 502 567 605 618; x_wconf 90' lang='lat' dir='ltr'>dubium</span> <span class='ocrx_word' id='word_1_27' title='bbox 623 584 679 618; x_wconf 87' lang='lat' dir='ltr'>esse</span> <span class='ocrx_word' id='word_1_28' title='bbox 696 571 756 632; x_wconf 87' lang='lat' dir='ltr'>quin</span> <span class='ocrx_word' id='word_1_29' title='bbox 773 575 853 619; x_wconf 89' lang='lat' dir='ltr'>totum</span> <span class='ocrx_word' id='word_1_30' title='bbox 868 568 917 619; x_wconf 89' lang='lat' dir='ltr'>hoc</span> <span class='ocrx_word' id='word_1_31' title='bbox 934 570 1047 635; x_wconf 85' lang='lat' dir='ltr'>caputio</span> 
     </span>
     <span class='ocr_line' id='line_1_6' title="bbox 105 633 1049 699; baseline 0 -14"><span class='ocrx_word' id='word_1_32' title='bbox 105 642 199 686; x_wconf 91' lang='lat' dir='ltr'>motum</span> <span class='ocrx_word' id='word_1_33' title='bbox 211 636 243 685; x_wconf 88' lang='lat' dir='ltr'>sit</span> <span class='ocrx_word' id='word_1_34' title='bbox 255 641 279 684; x_wconf 90' lang='lat' dir='ltr'>et</span> <span class='ocrx_word' id='word_1_35' title='bbox 290 634 442 686; x_wconf 76' lang='lat' dir='ltr'><strong>reiciendum</strong></span> <span class='ocrx_word' id='word_1_36' title='bbox 453 641 512 699; x_wconf 91' lang='lat' dir='ltr'>post</span> <span class='ocrx_word' id='word_1_37' title='bbox 524 649 577 699; x_wconf 89' lang='lat' dir='ltr'>cap.</span> <span class='ocrx_word' id='word_1_38' title='bbox 591 633 636 695; x_wconf 76' lang='lat'>393</span> <span class='ocrx_word' id='word_1_39' title='bbox 655 636 728 686; x_wconf 89' lang='lat' dir='ltr'>nimis</span> <span class='ocrx_word' id='word_1_40' title='bbox 746 636 812 685; x_wconf 87' lang='lat' dir='ltr'>enim</span> <span class='ocrx_word' id='word_1_41' title='bbox 828 637 963 686; x_wconf 86' lang='lat' dir='ltr'>absurdum</span> <span class='ocrx_word' id='word_1_42' title='bbox 975 643 1013 686; x_wconf 86' lang='lat' dir='ltr'>est</span> <span class='ocrx_word' id='word_1_43' title='bbox 1025 637 1049 685; x_wconf 91' lang='lat' dir='ltr'>id</span> 
     </span>
     <span class='ocr_line' id='line_1_7' title="bbox 105 699 1047 768; baseline 0 -16"><span class='ocrx_word' id='word_1_44' title='bbox 105 703 156 752; x_wconf 89' lang='lat' dir='ltr'>lere</span> <span class='ocrx_word' id='word_1_45' title='bbox 166 717 182 752; x_wconf 88' lang='lat' dir='ltr'>a</span> <span class='ocrx_word' id='word_1_46' title='bbox 193 716 246 766; x_wconf 90' lang='lat' dir='ltr'>cap.</span> <span class='ocrx_word' id='word_1_47' title='bbox 259 699 301 750; x_wconf 88' lang='lat'>40.</span> <span class='ocrx_word' id='word_1_48' title='bbox 315 701 384 751; x_wconf 88' lang='lat' dir='ltr'>etita</span> <span class='ocrx_word' id='word_1_49' title='bbox 396 701 522 751; x_wconf 89' lang='lat' dir='ltr'>divulsum</span> <span class='ocrx_word' id='word_1_50' title='bbox 538 702 696 767; x_wconf 82' lang='lat' dir='ltr'>interponere</span> <span class='ocrx_word' id='word_1_51' title='bbox 706 703 771 752; x_wconf 87' lang='lat' dir='ltr'>inter</span> <span class='ocrx_word' id='word_1_52' title='bbox 783 703 832 752; x_wconf 91' lang='lat' dir='ltr'>duo</span> <span class='ocrx_word' id='word_1_53' title='bbox 849 703 972 768; x_wconf 87' lang='lat' dir='ltr'>episodia,</span> <span class='ocrx_word' id='word_1_54' title='bbox 998 718 1047 766; x_wconf 84' lang='lat' dir='ltr'>qua</span> 
     </span>
     <span class='ocr_line' id='line_1_8' title="bbox 105 768 1049 833; baseline -0.001 -14"><span class='ocrx_word' id='word_1_55' title='bbox 105 785 134 820; x_wconf 89' lang='lat' dir='ltr'>se</span> <span class='ocrx_word' id='word_1_56' title='bbox 146 770 278 818; x_wconf 86' lang='lat' dir='ltr'>coniuncta</span> <span class='ocrx_word' id='word_1_57' title='bbox 288 768 368 818; x_wconf 81' lang='lat' dir='ltr'>inisse</span> <span class='ocrx_word' id='word_1_58' title='bbox 384 782 435 817; x_wconf 92' lang='lat' dir='ltr'>non</span> <span class='ocrx_word' id='word_1_59' title='bbox 451 769 534 818; x_wconf 80' lang='lat' dir='ltr'>ninus</span> <span class='ocrx_word' id='word_1_60' title='bbox 551 775 744 819; x_wconf 88' lang='lat' dir='ltr'>consentaneum</span> <span class='ocrx_word' id='word_1_61' title='bbox 760 776 797 818; x_wconf 91' lang='lat' dir='ltr'>est</span> <span class='ocrx_word' id='word_1_62' title='bbox 809 784 883 833; x_wconf 87' lang='lat' dir='ltr'>quam</span> <span class='ocrx_word' id='word_1_63' title='bbox 895 784 959 832; x_wconf 90' lang='lat' dir='ltr'>quae</span> <span class='ocrx_word' id='word_1_64' title='bbox 970 769 1049 833; x_wconf 83' lang='lat' dir='ltr'>legun</span> 
     </span>
     <span class='ocr_line' id='line_1_9' title="bbox 106 832 1049 899; baseline -0.001 -14"><span class='ocrx_word' id='word_1_65' title='bbox 106 837 125 895; x_wconf 95' lang='lat' dir='ltr'>I,</span> <span class='ocrx_word' id='word_1_66' title='bbox 139 850 160 884; x_wconf 86' lang='lat' dir='ltr'>c.</span> <span class='ocrx_word' id='word_1_67' title='bbox 169 832 275 885; x_wconf 74' lang='lat'>14-18.</span> <span class='ocrx_word' id='word_1_68' title='bbox 299 834 337 884; x_wconf 87' lang='lat' dir='ltr'>Ac</span> <span class='ocrx_word' id='word_1_69' title='bbox 348 835 370 885; x_wconf 92' lang='lat' dir='ltr'>si</span> <span class='ocrx_word' id='word_1_70' title='bbox 381 834 438 899; x_wconf 86' lang='lat' dir='ltr'>quis</span> <span class='ocrx_word' id='word_1_71' title='bbox 450 835 659 899; x_wconf 79' lang='lat' dir='ltr'><strong>quemadmodum</strong></span> <span class='ocrx_word' id='word_1_72' title='bbox 669 835 774 885; x_wconf 82' lang='lat' dir='ltr'>altemm</span> <span class='ocrx_word' id='word_1_73' title='bbox 784 836 860 896; x_wconf 91' lang='lat' dir='ltr'>illud,</span> <span class='ocrx_word' id='word_1_74' title='bbox 877 837 945 899; x_wconf 90' lang='lat' dir='ltr'>quod</span> <span class='ocrx_word' id='word_1_75' title='bbox 956 843 994 885; x_wconf 86' lang='lat' dir='ltr'>est</span> <span class='ocrx_word' id='word_1_76' title='bbox 1006 837 1037 886; x_wconf 89' lang='lat' dir='ltr'>de</span> <span class='ocrx_word' id='word_1_77' title='bbox 1048 838 1049 841; x_wconf 77' lang='grc'>’</span> 
     </span>
     <span class='ocr_line' id='line_1_10' title="bbox 105 901 1049 968; baseline 0 -16"><span class='ocrx_word' id='word_1_78' title='bbox 105 916 161 952; x_wconf 87' lang='lat' dir='ltr'>rum</span> <span class='ocrx_word' id='word_1_79' title='bbox 172 902 245 961; x_wconf 85' lang='lat' dir='ltr'>flore,</span> <span class='ocrx_word' id='word_1_80' title='bbox 263 901 376 968; x_wconf 80' lang='lat' dir='ltr'>inprimis</span> <span class='ocrx_word' id='word_1_81' title='bbox 389 902 505 951; x_wconf 86' lang='lat' dir='ltr'>convenit</span> <span class='ocrx_word' id='word_1_82' title='bbox 518 901 642 953; x_wconf 81' lang='lat' dir='ltr'>Ciceronis</span> <span class='ocrx_word' id='word_1_83' title='bbox 655 903 762 962; x_wconf 86' lang='lat' dir='ltr'>nomini,</span> <span class='ocrx_word' id='word_1_84' title='bbox 780 903 815 952; x_wconf 84' lang='lat' dir='ltr'>ita</span> <span class='ocrx_word' id='word_1_85' title='bbox 830 902 935 952; x_wconf 86' lang='lat' dir='ltr'>alterum</span> <span class='ocrx_word' id='word_1_86' title='bbox 945 901 1006 961; x_wconf 89' lang='lat' dir='ltr'>hoc,</span> <span class='ocrx_word' id='word_1_87' title='bbox 1025 919 1049 966; x_wconf 78' lang='lat' dir='ltr'>qr</span> 
     </span>
     <span class='ocr_line' id='line_1_11' title="bbox 106 969 1031 1047; baseline -0.001 -28"><span class='ocrx_word' id='word_1_88' title='bbox 106 969 138 1019; x_wconf 87' lang='lat' dir='ltr'>de</span> <span class='ocrx_word' id='word_1_89' title='bbox 153 969 300 1034; x_wconf 86' lang='lat' dir='ltr'>provinciis,</span> <span class='ocrx_word' id='word_1_90' title='bbox 310 983 398 1047; x_wconf 34' lang='lat' dir='ltr'>‘aeque</span> <span class='ocrx_word' id='word_1_91' title='bbox 413 975 481 1046; x_wconf 81' lang='lat' dir='ltr'>recte</span> <span class='ocrx_word' id='word_1_92' title='bbox 498 969 668 1047; x_wconf 30' lang='lat' dir='ltr'>etlccmmode</span> <span class='ocrx_word' id='word_1_93' title='bbox 683 975 775 1019; x_wconf 86' lang='lat' dir='ltr'>statuat</span> <span class='ocrx_word' id='word_1_94' title='bbox 786 969 899 1035; x_wconf 90' lang='lat' dir='ltr'>Pompeii</span> <span class='ocrx_word' id='word_1_95' title='bbox 915 971 989 1020; x_wconf 88' lang='lat' dir='ltr'>rebus</span> <span class='ocrx_word' id='word_1_96' title='bbox 1005 971 1031 1018; x_wconf 88' lang='lat' dir='ltr'>in</span> 
     </span>
     <span class='ocr_line' id='line_1_12' title="bbox 106 1033 1049 1166; baseline 0 -14"><span class='ocrx_word' id='word_1_97' title='bbox 106 1044 184 1153; x_wconf 58' lang='lat' dir='ltr'>iti?</span> <span class='ocrx_word' id='word_1_98' title='bbox 201 1037 330 1152; x_wconf 67' lang='lat' dir='ltr'>iiiiii</span> <span class='ocrx_word' id='word_1_99' title='bbox 338 1033 468 1166; x_wconf 64' lang='lat' dir='ltr'>..titii</span> <span class='ocrx_word' id='word_1_100' title='bbox 479 1033 902 1153; x_wconf 49' lang='lat' dir='ltr'>inutilitatiiiiiii?</span> <span class='ocrx_word' id='word_1_101' title='bbox 906 1044 941 1152; x_wconf 72' lang='lat' dir='ltr'>..i</span> <span class='ocrx_word' id='word_1_102' title='bbox 951 1034 1010 1152; x_wconf 63' lang='lat' dir='ltr'>iii</span> <span class='ocrx_word' id='word_1_103' title='bbox 1021 1051 1049 1152; x_wconf 70' lang='lat' dir='ltr'>it</span> 
     </span>
     <span class='ocr_line' id='line_1_13' title="bbox 107 1167 1040 1234; baseline 0 -16"><span class='ocrx_word' id='word_1_104' title='bbox 107 1169 262 1227; x_wconf 90' lang='lat' dir='ltr'>excusanda,</span> <span class='ocrx_word' id='word_1_105' title='bbox 276 1181 340 1231; x_wconf 90' lang='lat' dir='ltr'>quae</span> <span class='ocrx_word' id='word_1_106' title='bbox 351 1167 392 1216; x_wconf 89' lang='lat' dir='ltr'>vel</span> <span class='ocrx_word' id='word_1_107' title='bbox 404 1168 512 1216; x_wconf 80' lang='lat' dir='ltr'>maxime</span> <span class='ocrx_word' id='word_1_108' title='bbox 523 1167 682 1218; x_wconf 81' lang='lat' dir='ltr'>festinantem</span> <span class='ocrx_word' id='word_1_109' title='bbox 693 1168 780 1232; x_wconf 87' lang='lat' dir='ltr'>fugere</span> <span class='ocrx_word' id='word_1_110' title='bbox 792 1183 843 1218; x_wconf 90' lang='lat' dir='ltr'>non</span> <span class='ocrx_word' id='word_1_111' title='bbox 854 1176 997 1234; x_wconf 86' lang='lat' dir='ltr'>potuerunt.</span> <span class='ocrx_word' id='word_1_112' title='bbox 1010 1171 1040 1218; x_wconf 92' lang='lat' dir='ltr'>H.</span> 
     </span>
    </p>

    <p class='ocr_par' dir='ltr' id='par_1_5' title="bbox 105 1231 1050 1363">
     <span class='ocr_line' id='line_1_14' title="bbox 173 1231 1050 1301; baseline 0 -17"><span class='ocrx_word' id='word_1_113' title='bbox 173 1233 219 1294; x_wconf 84' lang='lat'>38,</span> <span class='ocrx_word' id='word_1_114' title='bbox 233 1231 260 1290; x_wconf 98' lang='grc'>2.</span> <span class='ocrx_word' id='word_1_115' title='bbox 287 1234 411 1292; x_wconf 77' lang='lat' dir='ltr'>Clauudius,</span> <span class='ocrx_word' id='word_1_116' title='bbox 423 1235 480 1284; x_wconf 88' lang='lat' dir='ltr'>sed</span> <span class='ocrx_word' id='word_1_117' title='bbox 486 1236 649 1298; x_wconf 86' lang='lat' dir='ltr'>prouinciam,</span> <span class='ocrx_word' id='word_1_118' title='bbox 662 1241 690 1283; x_wconf 91' lang='lat' dir='ltr'>ut</span> <span class='ocrx_word' id='word_1_119' title='bbox 700 1236 748 1285; x_wconf 88' lang='lat' dir='ltr'>sed</span> <span class='ocrx_word' id='word_1_120' title='bbox 757 1249 803 1301; x_wconf 91' lang='lat' dir='ltr'>pro</span> <span class='ocrx_word' id='word_1_121' title='bbox 815 1236 884 1300; x_wconf 79' lang='lat' dir='ltr'>vulg.</span> <span class='ocrx_word' id='word_1_122' title='bbox 897 1242 923 1286; x_wconf 85' lang='lat' dir='ltr'>et</span> <span class='ocrx_word' id='word_1_123' title='bbox 934 1236 1050 1285; x_wconf 79' lang='lat' dir='ltr'>scribatur</span> 
     </span>
     <span class='ocr_line' id='line_1_15' title="bbox 105 1299 674 1363; baseline -0.004 -11"><span class='ocrx_word' id='word_1_124' title='bbox 105 1302 217 1352; x_wconf 86' lang='lat' dir='ltr'>voluisse</span> <span class='ocrx_word' id='word_1_125' title='bbox 228 1299 364 1359; x_wconf 87' lang='lat' dir='ltr'>Velleium,</span> <span class='ocrx_word' id='word_1_126' title='bbox 377 1301 508 1363; x_wconf 79' lang='lat' dir='ltr'>sequentia</span> <span class='ocrx_word' id='word_1_127' title='bbox 519 1301 617 1350; x_wconf 86' lang='lat' dir='ltr'>docent.</span> <span class='ocrx_word' id='word_1_128' title='bbox 640 1301 674 1351; x_wconf 88' lang='lat' dir='ltr'>M.</span> 
     </span>
    </p>

    <p class='ocr_par' dir='ltr' id='par_1_6' title="bbox 106 1364 1049 1566">
     <span class='ocr_line' id='line_1_16' title="bbox 173 1364 1049 1432; baseline 0.002 -16"><span class='ocrx_word' id='word_1_129' title='bbox 173 1364 259 1426; x_wconf 83' lang='grc'>39,1.</span> <span class='ocrx_word' id='word_1_130' title='bbox 283 1367 411 1430; x_wconf 80' lang='lat' dir='ltr'>infractae</span> <span class='ocrx_word' id='word_1_131' title='bbox 435 1368 568 1432; x_wconf 90' lang='lat' dir='ltr'>denique</span> <span class='ocrx_word' id='word_1_132' title='bbox 591 1369 656 1416; x_wconf 89' lang='lat' dir='ltr'>idem</span> <span class='ocrx_word' id='word_1_133' title='bbox 678 1369 746 1432; x_wconf 88' lang='lat' dir='ltr'>quod</span> <span class='ocrx_word' id='word_1_134' title='bbox 760 1373 826 1418; x_wconf 88' lang='lat' dir='ltr'>totus</span> <span class='ocrx_word' id='word_1_135' title='bbox 842 1374 968 1418; x_wconf 79' lang='lat' dir='ltr'>terrarum</span> <span class='ocrx_word' id='word_1_136' title='bbox 991 1369 1049 1419; x_wconf 82' lang='lat' dir='ltr'>orbi.</span> 
     </span>
     <span class='ocr_line' id='line_1_17' title="bbox 106 1434 1049 1501; baseline 0.001 -17"><span class='ocrx_word' id='word_1_137' title='bbox 106 1449 210 1486; x_wconf 89' lang='lat' dir='ltr'>nouum</span> <span class='ocrx_word' id='word_1_138' title='bbox 221 1434 354 1497; x_wconf 82' lang='lat' dir='ltr'>conferunt</span> <span class='ocrx_word' id='word_1_139' title='bbox 364 1435 521 1497; x_wconf 81' lang='lat' dir='ltr'>stipendium.</span> <span class='ocrx_word' id='word_1_140' title='bbox 546 1434 578 1483; x_wconf 90' lang='lat' dir='ltr'>M.</span> <span class='ocrx_word' id='word_1_141' title='bbox 602 1435 729 1498; x_wconf 79' lang='lat' dir='ltr'>infractae</span> <span class='ocrx_word' id='word_1_142' title='bbox 742 1450 777 1484; x_wconf 90' lang='lat' dir='ltr'>ac</span> <span class='ocrx_word' id='word_1_143' title='bbox 785 1451 804 1499; x_wconf 91' lang='lat' dir='ltr'>p</span> <span class='ocrx_word' id='word_1_144' title='bbox 812 1441 925 1485; x_wconf 88' lang='lat' dir='ltr'>acutae</span> <span class='ocrx_word' id='word_1_145' title='bbox 938 1437 1002 1485; x_wconf 89' lang='lat' dir='ltr'>idem</span> <span class='ocrx_word' id='word_1_146' title='bbox 1015 1453 1049 1501; x_wconf 87' lang='lat' dir='ltr'>qu</span> 
     </span>
     <span class='ocr_line' id='line_1_18' title="bbox 106 1500 680 1566; baseline 0 -15"><span class='ocrx_word' id='word_1_147' title='bbox 106 1517 131 1552; x_wconf 93' lang='lat' dir='ltr'>o.</span> <span class='ocrx_word' id='word_1_148' title='bbox 142 1507 174 1551; x_wconf 87' lang='lat' dir='ltr'>tn</span> <span class='ocrx_word' id='word_1_149' title='bbox 186 1516 314 1566; x_wconf 88' lang='lat' dir='ltr'>aequum</span> <span class='ocrx_word' id='word_1_150' title='bbox 325 1500 459 1563; x_wconf 85' lang='lat' dir='ltr'>conferunt</span> <span class='ocrx_word' id='word_1_151' title='bbox 469 1501 626 1564; x_wconf 74' lang='lat' dir='ltr'>stipendium.</span> <span class='ocrx_word' id='word_1_152' title='bbox 649 1501 680 1551; x_wconf 91' lang='lat' dir='ltr'>H.</span> 
     </span>
    </p>

    <p class='ocr_par' dir='ltr' id='par_1_7' title="bbox 172 1565 791 1630">
     <span class='ocr_line' id='line_1_19' title="bbox 172 1565 791 1630; baseline 0.003 -13"><span class='ocrx_word' id='word_1_153' title='bbox 172 1565 223 1628; x_wconf 81' lang='grc'>40,</span> <span class='ocrx_word' id='word_1_154' title='bbox 236 1565 263 1624; x_wconf 85' lang='grc'>3.</span> <span class='ocrx_word' id='word_1_155' title='bbox 287 1572 414 1617; x_wconf 83' lang='lat' dir='ltr'>uentumun</span> <span class='ocrx_word' id='word_1_156' title='bbox 424 1570 451 1618; x_wconf 89' lang='lat' dir='ltr'>iu</span> <span class='ocrx_word' id='word_1_157' title='bbox 462 1567 546 1617; x_wconf 89' lang='lat' dir='ltr'>urbem</span> <span class='ocrx_word' id='word_1_158' title='bbox 558 1569 740 1630; x_wconf 87' lang='lat' dir='ltr'>adfirmarant.</span> <span class='ocrx_word' id='word_1_159' title='bbox 757 1569 791 1619; x_wconf 95' lang='lat' dir='ltr'>M.</span> 
     </span>
    </p>

    <p class='ocr_par' dir='ltr' id='par_1_8' title="bbox 106 1631 1049 1820">
     <span class='ocr_line' id='line_1_20' title="bbox 172 1631 1043 1700; baseline 0.001 -17"><span class='ocrx_word' id='word_1_160' title='bbox 172 1632 223 1694; x_wconf 82' lang='grc'>40,</span> <span class='ocrx_word' id='word_1_161' title='bbox 236 1631 264 1689; x_wconf 97' lang='lat'>4.</span> <span class='ocrx_word' id='word_1_162' title='bbox 287 1634 341 1698; x_wconf 83' lang='lat' dir='ltr'>Ego</span> <span class='ocrx_word' id='word_1_163' title='bbox 359 1634 470 1684; x_wconf 87' lang='lat' dir='ltr'>diversas</span> <span class='ocrx_word' id='word_1_164' title='bbox 486 1634 611 1684; x_wconf 88' lang='lat' dir='ltr'>Velleinm</span> <span class='ocrx_word' id='word_1_165' title='bbox 627 1649 731 1686; x_wconf 87' lang='lat' dir='ltr'>coronas</span> <span class='ocrx_word' id='word_1_166' title='bbox 754 1635 865 1700; x_wconf 83' lang='lat' dir='ltr'>intellegi</span> <span class='ocrx_word' id='word_1_167' title='bbox 888 1635 952 1685; x_wconf 89' lang='lat' dir='ltr'>velle</span> <span class='ocrx_word' id='word_1_168' title='bbox 974 1643 1043 1684; x_wconf 86' lang='lat' dir='ltr'>ratus</span> 
     </span>
     <span class='ocr_line' id='line_1_21' title="bbox 106 1700 1049 1768; baseline 0 -16"><span class='ocrx_word' id='word_1_169' title='bbox 106 1703 228 1762; x_wconf 88' lang='lat' dir='ltr'>lauream,</span> <span class='ocrx_word' id='word_1_170' title='bbox 241 1701 320 1752; x_wconf 88' lang='lat' dir='ltr'>semel</span> <span class='ocrx_word' id='word_1_171' title='bbox 331 1715 431 1751; x_wconf 83' lang='lat' dir='ltr'>auream</span> <span class='ocrx_word' id='word_1_172' title='bbox 443 1702 544 1767; x_wconf 86' lang='lat' dir='ltr'>scripsi;</span> <span class='ocrx_word' id='word_1_173' title='bbox 568 1701 732 1766; x_wconf 82' lang='lat' dir='ltr'>Borghesinm</span> <span class='ocrx_word' id='word_1_174' title='bbox 743 1704 769 1752; x_wconf 93' lang='lat' dir='ltr'>in</span> <span class='ocrx_word' id='word_1_175' title='bbox 782 1702 898 1753; x_wconf 88' lang='lat' dir='ltr'>Decadib.</span> <span class='ocrx_word' id='word_1_176' title='bbox 911 1701 940 1762; x_wconf 82' lang='grc'>9,</span> <span class='ocrx_word' id='word_1_177' title='bbox 953 1700 982 1762; x_wconf 89' lang='grc'>8,</span> <span class='ocrx_word' id='word_1_178' title='bbox 996 1719 1022 1768; x_wconf 90' lang='lat' dir='ltr'>p.</span> <span class='ocrx_word' id='word_1_179' title='bbox 1035 1703 1049 1752; x_wconf 77' lang='lat' dir='ltr'>t</span> 
     </span>
     <span class='ocr_line' id='line_1_22' title="bbox 106 1768 607 1820; baseline 0 -2"><span class='ocrx_word' id='word_1_180' title='bbox 106 1785 175 1820; x_wconf 87' lang='lat' dir='ltr'>ream</span> <span class='ocrx_word' id='word_1_181' title='bbox 186 1775 253 1818; x_wconf 90' lang='lat' dir='ltr'>recte</span> <span class='ocrx_word' id='word_1_182' title='bbox 264 1769 338 1818; x_wconf 80' lang='lat' dir='ltr'>scribi</span> <span class='ocrx_word' id='word_1_183' title='bbox 350 1768 466 1818; x_wconf 87' lang='lat' dir='ltr'>docuisse</span> <span class='ocrx_word' id='word_1_184' title='bbox 477 1775 562 1818; x_wconf 86' lang='lat' dir='ltr'>monet</span> <span class='ocrx_word' id='word_1_185' title='bbox 573 1768 607 1818; x_wconf 94' lang='lat' dir='ltr'>M.</span> 
     </span>
    </p>

    <p class='ocr_par' dir='ltr' id='par_1_9' title="bbox 107 1830 1049 1951">
     <span class='ocr_line' id='line_1_23' title="bbox 172 1830 1049 1900; baseline 0.001 -17"><span class='ocrx_word' id='word_1_186' title='bbox 172 1831 216 1892; x_wconf 93' lang='lat'>41,</span> <span class='ocrx_word' id='word_1_187' title='bbox 230 1830 258 1889; x_wconf 99' lang='grc'>2.</span> <span class='ocrx_word' id='word_1_188' title='bbox 283 1839 308 1883; x_wconf 87' lang='lat' dir='ltr'>et</span> <span class='ocrx_word' id='word_1_189' title='bbox 320 1837 388 1899; x_wconf 89' lang='lat' dir='ltr'>quod</span> <span class='ocrx_word' id='word_1_190' title='bbox 397 1839 599 1884; x_wconf 79' lang='lat' dir='ltr'>monumentis</span> <span class='ocrx_word' id='word_1_191' title='bbox 611 1838 797 1900; x_wconf 77' lang='lat' dir='ltr'>antiquissimis</span> <span class='ocrx_word' id='word_1_192' title='bbox 808 1836 947 1886; x_wconf 87' lang='lat' dir='ltr'>constabat.</span> <span class='ocrx_word' id='word_1_193' title='bbox 961 1836 989 1884; x_wconf 92' lang='lat' dir='ltr'>B.</span> <span class='ocrx_word' id='word_1_194' title='bbox 1005 1850 1049 1898; x_wconf 79' lang='lat' dir='ltr'>qn&lt;</span> 
     </span>
     <span class='ocr_line' id='line_1_24' title="bbox 107 1900 390 1951; baseline -0.004 -1"><span class='ocrx_word' id='word_1_195' title='bbox 107 1901 273 1951; x_wconf 88' lang='lat' dir='ltr'>certissimum</span> <span class='ocrx_word' id='word_1_196' title='bbox 283 1900 390 1949; x_wconf 90' lang='lat' dir='ltr'>videtur.</span> 
     </span>
    </p>

    <p class='ocr_par' dir='ltr' id='par_1_10' title="bbox 106 1962 1049 2162">
     <span class='ocr_line' id='line_1_25' title="bbox 173 1962 1049 2032; baseline 0.001 -18"><span class='ocrx_word' id='word_1_197' title='bbox 173 1963 226 2026; x_wconf 88' lang='grc'>42,</span> <span class='ocrx_word' id='word_1_198' title='bbox 239 1962 267 2021; x_wconf 89' lang='grc'>2.</span> <span class='ocrx_word' id='word_1_199' title='bbox 291 1965 366 2015; x_wconf 80' lang='lat' dir='ltr'>Etsi</span> <span class='ocrx_word' id='word_1_200' title='bbox 376 1972 472 2030; x_wconf 84' lang='lat' dir='ltr'>loupum</span> <span class='ocrx_word' id='word_1_201' title='bbox 483 1971 522 2015; x_wconf 86' lang='lat' dir='ltr'>est</span> <span class='ocrx_word' id='word_1_202' title='bbox 533 1979 650 2025; x_wconf 83' lang='lat' dir='ltr'>narrare,</span> <span class='ocrx_word' id='word_1_203' title='bbox 664 1967 724 2032; x_wconf 87' lang='lat' dir='ltr'>quid</span> <span class='ocrx_word' id='word_1_204' title='bbox 735 1972 760 2015; x_wconf 90' lang='lat' dir='ltr'>et</span> <span class='ocrx_word' id='word_1_205' title='bbox 772 1969 886 2031; x_wconf 85' lang='lat' dir='ltr'>quotiens</span> <span class='ocrx_word' id='word_1_206' title='bbox 898 1983 973 2018; x_wconf 87' lang='lat' dir='ltr'>ausus</span> <span class='ocrx_word' id='word_1_207' title='bbox 984 1972 1029 2025; x_wconf 87' lang='lat' dir='ltr'>sit,</span> <span class='ocrx_word' id='word_1_208' title='bbox 1043 1976 1049 2015; x_wconf 87' lang='lat' dir='ltr'>t</span> 
     </span>
     <span class='ocr_line' id='line_1_26' title="bbox 107 2031 1049 2101; baseline -0.001 -17"><span class='ocrx_word' id='word_1_209' title='bbox 107 2040 262 2101; x_wconf 84' lang='lat' dir='ltr'>quantopere</span> <span class='ocrx_word' id='word_1_210' title='bbox 279 2038 372 2083; x_wconf 89' lang='lat' dir='ltr'>conata</span> <span class='ocrx_word' id='word_1_211' title='bbox 387 2035 440 2082; x_wconf 88' lang='lat' dir='ltr'>eius</span> <span class='ocrx_word' id='word_1_212' title='bbox 452 2034 495 2098; x_wconf 83' lang='lat' dir='ltr'>qui</span> <span class='ocrx_word' id='word_1_213' title='bbox 510 2031 638 2082; x_wconf 83' lang='lat' dir='ltr'>obtinebat</span> <span class='ocrx_word' id='word_1_214' title='bbox 653 2033 742 2083; x_wconf 84' lang='lat' dir='ltr'>Asiam</span> <span class='ocrx_word' id='word_1_215' title='bbox 757 2037 918 2097; x_wconf 82' lang='lat' dir='ltr'>muptstratus</span> <span class='ocrx_word' id='word_1_216' title='bbox 928 2051 955 2098; x_wconf 94' lang='lat' dir='ltr'>p.</span> <span class='ocrx_word' id='word_1_217' title='bbox 968 2035 999 2084; x_wconf 80' lang='lat' dir='ltr'>ti.</span> <span class='ocrx_word' id='word_1_218' title='bbox 1018 2050 1049 2083; x_wconf 79' lang='lat' dir='ltr'>mu</span> 
     </span>
     <span class='ocr_line' id='line_1_27' title="bbox 106 2099 982 2162; baseline -0.003 -10"><span class='ocrx_word' id='word_1_219' title='bbox 106 2101 260 2158; x_wconf 86' lang='lat' dir='ltr'>destituerit,</span> <span class='ocrx_word' id='word_1_220' title='bbox 273 2099 415 2162; x_wconf 85' lang='lat' dir='ltr'>referatur,</span> <span class='ocrx_word' id='word_1_221' title='bbox 433 2100 601 2150; x_wconf 81' lang='lat' dir='ltr'>documentum</span> <span class='ocrx_word' id='word_1_222' title='bbox 612 2103 678 2148; x_wconf 82' lang='lat' dir='ltr'>tanti</span> <span class='ocrx_word' id='word_1_223' title='bbox 687 2114 747 2150; x_wconf 78' lang='lat' dir='ltr'>mox</span> <span class='ocrx_word' id='word_1_224' title='bbox 758 2103 860 2150; x_wconf 81' lang='lat' dir='ltr'>evasuri</span> <span class='ocrx_word' id='word_1_225' title='bbox 869 2102 925 2150; x_wconf 87' lang='lat' dir='ltr'>uiri.</span> <span class='ocrx_word' id='word_1_226' title='bbox 948 2101 982 2151; x_wconf 93' lang='lat' dir='ltr'>M.</span> 
     </span>
    </p>

    <p class='ocr_par' dir='ltr' id='par_1_11' title="bbox 105 2162 1049 3084">
     <span class='ocr_line' id='line_1_28' title="bbox 172 2162 1038 2230; baseline 0 -15"><span class='ocrx_word' id='word_1_227' title='bbox 172 2163 225 2224; x_wconf 90' lang='grc'>42,</span> <span class='ocrx_word' id='word_1_228' title='bbox 240 2162 267 2222; x_wconf 85' lang='grc'>3.</span> <span class='ocrx_word' id='word_1_229' title='bbox 288 2168 408 2230; x_wconf 70' lang='lat' dir='ltr'>perressit</span> <span class='ocrx_word' id='word_1_230' title='bbox 425 2168 467 2216; x_wconf 67' lang='lat' dir='ltr'>ad⁴</span> <span class='ocrx_word' id='word_1_231' title='bbox 472 2169 647 2230; x_wconf 86' lang='lat' dir='ltr'>proconsulem</span> <span class='ocrx_word' id='word_1_232' title='bbox 663 2166 776 2216; x_wconf 89' lang='lat' dir='ltr'>Iuncum</span> <span class='ocrx_word' id='word_1_233' title='bbox 788 2165 864 2230; x_wconf 81' lang='lat' dir='ltr'>(idem</span> <span class='ocrx_word' id='word_1_234' title='bbox 875 2169 939 2216; x_wconf 88' lang='lat' dir='ltr'>enim</span> <span class='ocrx_word' id='word_1_235' title='bbox 950 2169 1038 2217; x_wconf 84' lang='lat' dir='ltr'>Asiam</span> 
     </span>
     <span class='ocr_line' id='line_1_29' title="bbox 106 2229 1049 2299; baseline -0.004 -14"><span class='ocrx_word' id='word_1_236' title='bbox 106 2231 170 2299; x_wconf 88' lang='lat' dir='ltr'>bat).</span> <span class='ocrx_word' id='word_1_237' title='bbox 193 2232 337 2298; x_wconf 74' lang='lat' dir='ltr'>Nipperdey</span> <span class='ocrx_word' id='word_1_238' title='bbox 347 2232 373 2280; x_wconf 92' lang='lat' dir='ltr'>in</span> <span class='ocrx_word' id='word_1_239' title='bbox 384 2230 473 2282; x_wconf 87' lang='lat' dir='ltr'>Philol.</span> <span class='ocrx_word' id='word_1_240' title='bbox 486 2233 530 2282; x_wconf 87' lang='lat' dir='ltr'>VI.</span> <span class='ocrx_word' id='word_1_241' title='bbox 545 2229 617 2282; x_wconf 88' lang='lat'>1851.</span> <span class='ocrx_word' id='word_1_242' title='bbox 630 2247 688 2297; x_wconf 83' lang='lat' dir='ltr'>pag.</span> <span class='ocrx_word' id='word_1_243' title='bbox 701 2231 759 2284; x_wconf 83' lang='lat'>377.</span> <span class='ocrx_word' id='word_1_244' title='bbox 777 2234 880 2283; x_wconf 87' lang='lat' dir='ltr'>testibus</span> <span class='ocrx_word' id='word_1_245' title='bbox 892 2250 954 2284; x_wconf 90' lang='lat' dir='ltr'>usus</span> <span class='ocrx_word' id='word_1_246' title='bbox 967 2235 999 2284; x_wconf 87' lang='lat' dir='ltr'>de</span> <span class='ocrx_word' id='word_1_247' title='bbox 1011 2235 1049 2283; x_wconf 80' lang='lat' dir='ltr'>Iur</span> 
     </span>
     <span class='ocr_line' id='line_1_30' title="bbox 106 2297 1049 2365; baseline -0.003 -14"><span class='ocrx_word' id='word_1_248' title='bbox 106 2302 173 2351; x_wconf 90' lang='lat' dir='ltr'>mine</span> <span class='ocrx_word' id='word_1_249' title='bbox 183 2297 316 2349; x_wconf 87' lang='lat' dir='ltr'>Plutarcho</span> <span class='ocrx_word' id='word_1_250' title='bbox 330 2298 401 2350; x_wconf 82' lang='lat' dir='ltr'>Gaec.</span> <span class='ocrx_word' id='word_1_251' title='bbox 415 2313 436 2347; x_wconf 92' lang='lat' dir='ltr'>c.</span> <span class='ocrx_word' id='word_1_252' title='bbox 449 2298 474 2349; x_wconf 82' lang='lat'>2.</span> <span class='ocrx_word' id='word_1_253' title='bbox 493 2306 517 2348; x_wconf 90' lang='lat' dir='ltr'>et</span> <span class='ocrx_word' id='word_1_254' title='bbox 534 2298 613 2350; x_wconf 86' lang='lat' dir='ltr'>Gellio</span> <span class='ocrx_word' id='word_1_255' title='bbox 624 2301 655 2359; x_wconf 88' lang='lat' dir='ltr'>V,</span> <span class='ocrx_word' id='word_1_256' title='bbox 671 2298 711 2351; x_wconf 86' lang='lat'>13.</span> <span class='ocrx_word' id='word_1_257' title='bbox 737 2299 828 2351; x_wconf 82' lang='lat' dir='ltr'>Contra</span> <span class='ocrx_word' id='word_1_258' title='bbox 844 2299 996 2365; x_wconf 88' lang='lat' dir='ltr'>Borghesins</span> <span class='ocrx_word' id='word_1_259' title='bbox 1014 2316 1049 2350; x_wconf 85' lang='lat' dir='ltr'>eu:</span> 
     </span>
     <span class='ocr_line' id='line_1_31' title="bbox 105 2365 1049 2429; baseline -0.002 -11"><span class='ocrx_word' id='word_1_260' title='bbox 105 2368 134 2418; x_wconf 88' lang='lat' dir='ltr'>L.</span> <span class='ocrx_word' id='word_1_261' title='bbox 147 2367 247 2418; x_wconf 90' lang='lat' dir='ltr'>Iunium</span> <span class='ocrx_word' id='word_1_262' title='bbox 264 2365 377 2417; x_wconf 88' lang='lat' dir='ltr'>Silanum</span> <span class='ocrx_word' id='word_1_263' title='bbox 393 2372 512 2416; x_wconf 80' lang='lat' dir='ltr'>statuerat</span> <span class='ocrx_word' id='word_1_264' title='bbox 529 2381 561 2416; x_wconf 85' lang='lat' dir='ltr'>ex</span> <span class='ocrx_word' id='word_1_265' title='bbox 576 2366 641 2416; x_wconf 91' lang='lat' dir='ltr'>Plin.</span> <span class='ocrx_word' id='word_1_266' title='bbox 658 2367 689 2417; x_wconf 89' lang='lat' dir='ltr'>N.</span> <span class='ocrx_word' id='word_1_267' title='bbox 706 2367 736 2416; x_wconf 89' lang='lat' dir='ltr'>H.</span> <span class='ocrx_word' id='word_1_268' title='bbox 750 2368 785 2427; x_wconf 94' lang='grc' dir='ltr'>ΙΙ,</span> <span class='ocrx_word' id='word_1_269' title='bbox 799 2366 832 2418; x_wconf 83' lang='grc'>35</span> <span class='ocrx_word' id='word_1_270' title='bbox 844 2368 860 2429; x_wconf 86' lang='lat'>§</span> <span class='ocrx_word' id='word_1_271' title='bbox 872 2365 930 2417; x_wconf 87' lang='lat'>100.</span> <span class='ocrx_word' id='word_1_272' title='bbox 955 2369 995 2417; x_wconf 87' lang='lat' dir='ltr'>cni</span> <span class='ocrx_word' id='word_1_273' title='bbox 1012 2383 1049 2417; x_wconf 79' lang='lat' dir='ltr'>sss</span> 
     </span>
     <span class='ocr_line' id='line_1_32' title="bbox 105 2431 1049 2500; baseline -0.002 -16"><span class='ocrx_word' id='word_1_274' title='bbox 105 2435 208 2484; x_wconf 85' lang='lat' dir='ltr'>Henuen</span> <span class='ocrx_word' id='word_1_275' title='bbox 220 2434 246 2483; x_wconf 92' lang='lat' dir='ltr'>in</span> <span class='ocrx_word' id='word_1_276' title='bbox 258 2434 349 2484; x_wconf 84' lang='lat' dir='ltr'>Inserr.</span> <span class='ocrx_word' id='word_1_277' title='bbox 362 2433 404 2482; x_wconf 87' lang='lat' dir='ltr'>lat.</span> <span class='ocrx_word' id='word_1_278' title='bbox 418 2432 513 2483; x_wconf 85' lang='lat' dir='ltr'>collect.</span> <span class='ocrx_word' id='word_1_279' title='bbox 527 2432 601 2485; x_wconf 90' lang='lat' dir='ltr'>Orell.</span> <span class='ocrx_word' id='word_1_280' title='bbox 613 2431 714 2497; x_wconf 71' lang='lat' dir='ltr'>volllll.</span> <span class='ocrx_word' id='word_1_281' title='bbox 726 2448 785 2500; x_wconf 82' lang='lat' dir='ltr'>pag.</span> <span class='ocrx_word' id='word_1_282' title='bbox 793 2433 833 2485; x_wconf 83' lang='lat'>55.</span> <span class='ocrx_word' id='word_1_283' title='bbox 852 2434 885 2483; x_wconf 88' lang='lat' dir='ltr'>ad</span> <span class='ocrx_word' id='word_1_284' title='bbox 895 2434 971 2484; x_wconf 85' lang='lat' dir='ltr'>inser.</span> <span class='ocrx_word' id='word_1_285' title='bbox 984 2434 1049 2486; x_wconf 86' lang='grc'>5354</span> 
     </span>
     <span class='ocr_line' id='line_1_33' title="bbox 105 2499 1049 2566; baseline -0.001 -15"><span class='ocrx_word' id='word_1_286' title='bbox 105 2502 180 2566; x_wconf 80' lang='lat' dir='ltr'>bigne</span> <span class='ocrx_word' id='word_1_287' title='bbox 196 2501 288 2551; x_wconf 86' lang='lat' dir='ltr'>indicat</span> <span class='ocrx_word' id='word_1_288' title='bbox 300 2500 327 2553; x_wconf 91' lang='lat'>0.</span> <span class='ocrx_word' id='word_1_289' title='bbox 341 2499 531 2552; x_wconf 80' lang='lat' dir='ltr'>schoenemann</span> <span class='ocrx_word' id='word_1_290' title='bbox 543 2499 575 2550; x_wconf 91' lang='lat' dir='ltr'>de</span> <span class='ocrx_word' id='word_1_291' title='bbox 586 2499 702 2565; x_wconf 74' lang='lat' dir='ltr'>Bithynia</span> <span class='ocrx_word' id='word_1_292' title='bbox 714 2508 738 2550; x_wconf 89' lang='lat' dir='ltr'>et</span> <span class='ocrx_word' id='word_1_293' title='bbox 749 2501 829 2551; x_wconf 86' lang='lat' dir='ltr'>Ponto</span> <span class='ocrx_word' id='word_1_294' title='bbox 845 2514 917 2565; x_wconf 89' lang='lat' dir='ltr'>prov.</span> <span class='ocrx_word' id='word_1_295' title='bbox 934 2502 1006 2550; x_wconf 90' lang='lat' dir='ltr'>Rom.</span> <span class='ocrx_word' id='word_1_296' title='bbox 1021 2500 1049 2562; x_wconf 86' lang='lat' dir='ltr'>(G</span> 
     </span>
     <span class='ocr_line' id='line_1_34' title="bbox 107 2565 1033 2634; baseline -0.004 -16"><span class='ocrx_word' id='word_1_297' title='bbox 107 2565 194 2631; x_wconf 87' lang='grc'>1855.)</span> <span class='ocrx_word' id='word_1_298' title='bbox 207 2582 265 2634; x_wconf 81' lang='lat' dir='ltr'>pag.</span> <span class='ocrx_word' id='word_1_299' title='bbox 279 2566 318 2619; x_wconf 81' lang='lat'>12.</span> <span class='ocrx_word' id='word_1_300' title='bbox 346 2567 398 2619; x_wconf 82' lang='lat' dir='ltr'>Sed</span> <span class='ocrx_word' id='word_1_301' title='bbox 409 2575 476 2618; x_wconf 88' lang='lat' dir='ltr'>recte</span> <span class='ocrx_word' id='word_1_302' title='bbox 486 2568 665 2618; x_wconf 88' lang='lat' dir='ltr'>Mommsenius</span> <span class='ocrx_word' id='word_1_303' title='bbox 677 2567 754 2616; x_wconf 89' lang='lat' dir='ltr'>ullam</span> <span class='ocrx_word' id='word_1_304' title='bbox 766 2573 841 2630; x_wconf 82' lang='lat' dir='ltr'>negat</span> <span class='ocrx_word' id='word_1_305' title='bbox 852 2580 952 2616; x_wconf 86' lang='lat' dir='ltr'>causam</span> <span class='ocrx_word' id='word_1_306' title='bbox 965 2581 1033 2625; x_wconf 87' lang='lat' dir='ltr'>esse,</span> 
     </span>
     <span class='ocr_line' id='line_1_35' title="bbox 106 2631 1049 2701; baseline -0.003 -16"><span class='ocrx_word' id='word_1_307' title='bbox 106 2642 144 2685; x_wconf 89' lang='lat' dir='ltr'>est</span> <span class='ocrx_word' id='word_1_308' title='bbox 155 2636 224 2701; x_wconf 90' lang='lat' dir='ltr'>apud</span> <span class='ocrx_word' id='word_1_309' title='bbox 234 2635 342 2685; x_wconf 90' lang='lat' dir='ltr'>Plinium</span> <span class='ocrx_word' id='word_1_310' title='bbox 353 2648 376 2683; x_wconf 91' lang='lat' dir='ltr'>a.</span> <span class='ocrx_word' id='word_1_311' title='bbox 389 2634 419 2685; x_wconf 87' lang='lat' dir='ltr'>U.</span> <span class='ocrx_word' id='word_1_312' title='bbox 432 2631 490 2684; x_wconf 80' lang='lat'>678.</span> <span class='ocrx_word' id='word_1_313' title='bbox 514 2633 648 2697; x_wconf 88' lang='lat' dir='ltr'>proconsul</span> <span class='ocrx_word' id='word_1_314' title='bbox 665 2633 693 2681; x_wconf 90' lang='lat' dir='ltr'>L.</span> <span class='ocrx_word' id='word_1_315' title='bbox 707 2633 793 2683; x_wconf 89' lang='lat' dir='ltr'>Iunius</span> <span class='ocrx_word' id='word_1_316' title='bbox 805 2632 919 2691; x_wconf 88' lang='lat' dir='ltr'>Silanus,</span> <span class='ocrx_word' id='word_1_317' title='bbox 938 2632 1005 2682; x_wconf 86' lang='lat' dir='ltr'>idem</span> <span class='ocrx_word' id='word_1_318' title='bbox 1024 2649 1049 2682; x_wconf 89' lang='lat' dir='ltr'>es</span> 
     </span>
     <span class='ocr_line' id='line_1_36' title="bbox 106 2698 1049 2765; baseline -0.001 -14"><span class='ocrx_word' id='word_1_319' title='bbox 106 2702 179 2752; x_wconf 86' lang='lat' dir='ltr'>datur</span> <span class='ocrx_word' id='word_1_320' title='bbox 191 2709 265 2764; x_wconf 85' lang='lat' dir='ltr'>utque</span> <span class='ocrx_word' id='word_1_321' title='bbox 276 2702 311 2761; x_wconf 89' lang='lat' dir='ltr'>is,</span> <span class='ocrx_word' id='word_1_322' title='bbox 325 2701 357 2751; x_wconf 89' lang='lat' dir='ltr'>de</span> <span class='ocrx_word' id='word_1_323' title='bbox 369 2714 419 2764; x_wconf 88' lang='lat' dir='ltr'>quo</span> <span class='ocrx_word' id='word_1_324' title='bbox 430 2699 542 2748; x_wconf 89' lang='lat' dir='ltr'>Velleius</span> <span class='ocrx_word' id='word_1_325' title='bbox 554 2699 618 2762; x_wconf 80' lang='lat' dir='ltr'>agit,</span> <span class='ocrx_word' id='word_1_326' title='bbox 632 2698 700 2765; x_wconf 88' lang='lat' dir='ltr'>apud</span> <span class='ocrx_word' id='word_1_327' title='bbox 711 2713 785 2762; x_wconf 87' lang='lat' dir='ltr'>quem</span> <span class='ocrx_word' id='word_1_328' title='bbox 796 2698 858 2748; x_wconf 92' lang='lat' dir='ltr'>mihi</span> <span class='ocrx_word' id='word_1_329' title='bbox 870 2700 988 2765; x_wconf 88' lang='lat' dir='ltr'>deinceps</span> <span class='ocrx_word' id='word_1_330' title='bbox 1001 2709 1049 2750; x_wconf 86' lang='lat' dir='ltr'>rect</span> 
     </span>
     <span class='ocr_line' id='line_1_37' title="bbox 106 2765 1049 2830; baseline -0.001 -13"><span class='ocrx_word' id='word_1_331' title='bbox 106 2768 186 2817; x_wconf 88' lang='lat' dir='ltr'>omitti</span> <span class='ocrx_word' id='word_1_332' title='bbox 197 2767 296 2816; x_wconf 84' lang='lat' dir='ltr'>videtur</span> <span class='ocrx_word' id='word_1_333' title='bbox 305 2781 357 2817; x_wconf 83' lang='lat' dir='ltr'>vox</span> <span class='ocrx_word' id='word_1_334' title='bbox 368 2782 433 2825; x_wconf 79' lang='lat' dir='ltr'>aaa,</span> <span class='ocrx_word' id='word_1_335' title='bbox 446 2765 571 2830; x_wconf 87' lang='lat' dir='ltr'>adscripta</span> <span class='ocrx_word' id='word_1_336' title='bbox 581 2765 625 2814; x_wconf 86' lang='lat' dir='ltr'>illa</span> <span class='ocrx_word' id='word_1_337' title='bbox 635 2766 667 2815; x_wconf 92' lang='lat' dir='ltr'>ad</span> <span class='ocrx_word' id='word_1_338' title='bbox 679 2765 854 2830; x_wconf 81' lang='lat' dir='ltr'>corrigendum</span> <span class='ocrx_word' id='word_1_339' title='bbox 866 2781 956 2817; x_wconf 89' lang='lat' dir='ltr'>nomen</span> <span class='ocrx_word' id='word_1_340' title='bbox 968 2767 1049 2817; x_wconf 73' lang='lat' dir='ltr'>Iunias</span> 
     </span>
     <span class='ocr_line' id='line_1_38' title="bbox 106 2832 1041 2900; baseline 0.001 -17"><span class='ocrx_word' id='word_1_341' title='bbox 106 2848 155 2883; x_wconf 88' lang='lat' dir='ltr'>nus</span> <span class='ocrx_word' id='word_1_342' title='bbox 171 2840 239 2882; x_wconf 88' lang='lat' dir='ltr'>recte</span> <span class='ocrx_word' id='word_1_343' title='bbox 254 2846 329 2882; x_wconf 86' lang='lat' dir='ltr'>voces</span> <span class='ocrx_word' id='word_1_344' title='bbox 351 2848 406 2883; x_wconf 91' lang='lat' dir='ltr'>eam</span> <span class='ocrx_word' id='word_1_345' title='bbox 426 2848 499 2898; x_wconf 83' lang='lat' dir='ltr'>quarn</span> <span class='ocrx_word' id='word_1_346' title='bbox 521 2832 647 2891; x_wconf 69' lang='lat' dir='ltr'>omiserim</span> <span class='ocrx_word' id='word_1_347' title='bbox 671 2847 718 2882; x_wconf 88' lang='lat' dir='ltr'>nec</span> <span class='ocrx_word' id='word_1_348' title='bbox 734 2840 816 2882; x_wconf 83' lang='lat' dir='ltr'>tumen</span> <span class='ocrx_word' id='word_1_349' title='bbox 833 2849 947 2900; x_wconf 87' lang='lat' dir='ltr'>eamque,</span> <span class='ocrx_word' id='word_1_350' title='bbox 972 2835 1041 2897; x_wconf 89' lang='lat' dir='ltr'>quod</span> 
     </span>
     <span class='ocr_line' id='line_1_39' title="bbox 105 2898 1049 2967; baseline 0 -18"><span class='ocrx_word' id='word_1_351' title='bbox 105 2899 192 2966; x_wconf 85' lang='lat' dir='ltr'>Lipsio</span> <span class='ocrx_word' id='word_1_352' title='bbox 205 2899 302 2964; x_wconf 86' lang='lat' dir='ltr'>accepi,</span> <span class='ocrx_word' id='word_1_353' title='bbox 315 2898 373 2948; x_wconf 85' lang='lat' dir='ltr'>icrri</span> <span class='ocrx_word' id='word_1_354' title='bbox 384 2906 480 2964; x_wconf 88' lang='lat' dir='ltr'>potest;</span> <span class='ocrx_word' id='word_1_355' title='bbox 493 2900 578 2962; x_wconf 90' lang='lat' dir='ltr'>itaque</span> <span class='ocrx_word' id='word_1_356' title='bbox 590 2900 674 2950; x_wconf 86' lang='lat' dir='ltr'>malim</span> <span class='ocrx_word' id='word_1_357' title='bbox 685 2906 727 2949; x_wconf 87' lang='lat' dir='ltr'>aut</span> <span class='ocrx_word' id='word_1_358' title='bbox 739 2901 898 2967; x_wconf 79' lang='lat' dir='ltr'>transpositis</span> <span class='ocrx_word' id='word_1_359' title='bbox 911 2902 1013 2951; x_wconf 86' lang='lat' dir='ltr'>vocibus</span> <span class='ocrx_word' id='word_1_360' title='bbox 1026 2917 1049 2951; x_wconf 79' lang='lat' dir='ltr'>st</span> 
     </span>
     <span class='ocr_line' id='line_1_40' title="bbox 106 2964 1042 3034; baseline 0.001 -18"><span class='ocrx_word' id='word_1_361' title='bbox 106 2968 171 3016; x_wconf 73' lang='lat' dir='ltr'>Mem</span> <span class='ocrx_word' id='word_1_362' title='bbox 187 2970 250 3016; x_wconf 82' lang='lat' dir='ltr'>enim</span> <span class='ocrx_word' id='word_1_363' title='bbox 267 2980 321 3014; x_wconf 79' lang='lat' dir='ltr'>earn</span> <span class='ocrx_word' id='word_1_364' title='bbox 334 2967 377 3032; x_wconf 85' lang='lat' dir='ltr'>qui</span> <span class='ocrx_word' id='word_1_365' title='bbox 386 2967 475 3015; x_wconf 83' lang='lat' dir='ltr'>Asiam</span> <span class='ocrx_word' id='word_1_366' title='bbox 490 2964 630 3026; x_wconf 85' lang='lat' dir='ltr'>obtinebat,</span> <span class='ocrx_word' id='word_1_367' title='bbox 654 2974 697 3017; x_wconf 91' lang='lat' dir='ltr'>aut</span> <span class='ocrx_word' id='word_1_368' title='bbox 714 2967 782 3030; x_wconf 90' lang='lat' dir='ltr'>quod</span> <span class='ocrx_word' id='word_1_369' title='bbox 798 2983 865 3018; x_wconf 87' lang='lat' dir='ltr'>nunc</span> <span class='ocrx_word' id='word_1_370' title='bbox 880 2969 976 3034; x_wconf 89' lang='lat' dir='ltr'>recepi:</span> <span class='ocrx_word' id='word_1_371' title='bbox 1000 2970 1042 3018; x_wconf 87' lang='lat' dir='ltr'>ide</span> 
     </span>
     <span class='ocr_line' id='line_1_41' title="bbox 106 3032 576 3084; baseline -0.004 0"><span class='ocrx_word' id='word_1_372' title='bbox 106 3034 196 3084; x_wconf 86' lang='lat' dir='ltr'>Asiam</span> <span class='ocrx_word' id='word_1_373' title='bbox 212 3033 370 3083; x_wconf 86' lang='lat' dir='ltr'>etiamtum</span> <span class='ocrx_word' id='word_1_374' title='bbox 386 3032 521 3083; x_wconf 85' lang='lat' dir='ltr'>obtinebat.</span> <span class='ocrx_word' id='word_1_375' title='bbox 545 3033 576 3083; x_wconf 91' lang='lat' dir='ltr'>H.</span> 
     </span>
    </p>

    <p class='ocr_par' dir='ltr' id='par_1_12' title="bbox 105 3096 1031 3433">
     <span class='ocr_line' id='line_1_42' title="bbox 173 3096 1024 3163; baseline 0.002 -15"><span class='ocrx_word' id='word_1_376' title='bbox 173 3096 222 3159; x_wconf 82' lang='grc'>46,</span> <span class='ocrx_word' id='word_1_377' title='bbox 236 3096 263 3157; x_wconf 88' lang='lat'>3.</span> <span class='ocrx_word' id='word_1_378' title='bbox 287 3100 364 3150; x_wconf 85' lang='lat' dir='ltr'>Hune</span> <span class='ocrx_word' id='word_1_379' title='bbox 372 3101 571 3163; x_wconf 72' lang='lat' dir='ltr'>proficiscentem</span> <span class='ocrx_word' id='word_1_380' title='bbox 583 3099 599 3150; x_wconf 83' lang='lat' dir='ltr'>i.</span> <span class='ocrx_word' id='word_1_381' title='bbox 612 3099 640 3150; x_wconf 86' lang='lat' dir='ltr'>S.</span> <span class='ocrx_word' id='word_1_382' title='bbox 653 3103 717 3152; x_wconf 86' lang='lat' dir='ltr'>diris</span> <span class='ocrx_word' id='word_1_383' title='bbox 732 3117 786 3151; x_wconf 90' lang='lat' dir='ltr'>cum</span> <span class='ocrx_word' id='word_1_384' title='bbox 801 3101 913 3152; x_wconf 86' lang='lat' dir='ltr'>omnibus</span> <span class='ocrx_word' id='word_1_385' title='bbox 929 3101 1024 3151; x_wconf 82' lang='lat' dir='ltr'>tribuni</span> 
     </span>
     <span class='ocr_line' id='line_1_43' title="bbox 105 3167 1031 3233; baseline 0 -15"><span class='ocrx_word' id='word_1_386' title='bbox 105 3174 162 3218; x_wconf 89' lang='lat' dir='ltr'>stra</span> <span class='ocrx_word' id='word_1_387' title='bbox 172 3169 285 3217; x_wconf 89' lang='lat' dir='ltr'>retinere</span> <span class='ocrx_word' id='word_1_388' title='bbox 296 3168 382 3216; x_wconf 87' lang='lat' dir='ltr'>eonati</span> <span class='ocrx_word' id='word_1_389' title='bbox 392 3181 483 3216; x_wconf 87' lang='lat' dir='ltr'>essen</span> <span class='ocrx_word' id='word_1_390' title='bbox 490 3172 511 3226; x_wconf 94' lang='lat' dir='ltr'>t,</span> <span class='ocrx_word' id='word_1_391' title='bbox 525 3168 759 3233; x_wconf 79' lang='lat' dir='ltr'>quoram—fuisset</span> <span class='ocrx_word' id='word_1_392' title='bbox 770 3167 947 3232; x_wconf 83' lang='lat' dir='ltr'>reipublicae,</span> <span class='ocrx_word' id='word_1_393' title='bbox 961 3173 1031 3218; x_wconf 82' lang='lat' dir='ltr'>tram</span> 
     </span>
     <span class='ocr_line' id='line_1_44' title="bbox 106 3232 1031 3298; baseline 0.001 -15"><span class='ocrx_word' id='word_1_394' title='bbox 106 3233 257 3298; x_wconf 75' lang='lat' dir='ltr'>Euphraten</span> <span class='ocrx_word' id='word_1_395' title='bbox 270 3233 387 3284; x_wconf 64' lang='lat' dir='ltr'>&amp;assum</span> <span class='ocrx_word' id='word_1_396' title='bbox 397 3259 432 3268; x_wconf 90' lang='lat'>-</span> <span class='ocrx_word' id='word_1_397' title='bbox 444 3232 541 3284; x_wconf 61' lang='lat' dir='ltr'>&amp;odes</span> <span class='ocrx_word' id='word_1_398' title='bbox 551 3261 584 3270; x_wconf 84' lang='lat'><em>-</em></span> <span class='ocrx_word' id='word_1_399' title='bbox 592 3237 725 3286; x_wconf 86' lang='lat' dir='ltr'>interemit.</span> <span class='ocrx_word' id='word_1_400' title='bbox 737 3235 771 3284; x_wconf 93' lang='lat' dir='ltr'>M.</span> <span class='ocrx_word' id='word_1_401' title='bbox 784 3235 813 3284; x_wconf 92' lang='lat' dir='ltr'>In</span> <span class='ocrx_word' id='word_1_402' title='bbox 826 3248 880 3283; x_wconf 88' lang='lat' dir='ltr'>eam</span> <span class='ocrx_word' id='word_1_403' title='bbox 892 3241 1001 3284; x_wconf 90' lang='lat' dir='ltr'>mentem</span> <span class='ocrx_word' id='word_1_404' title='bbox 1013 3236 1031 3285; x_wconf 86' lang='lat' dir='ltr'>si</span> 
     </span>
     <span class='ocr_line' id='line_1_45' title="bbox 107 3298 1021 3366; baseline 0.003 -18"><span class='ocrx_word' id='word_1_405' title='bbox 107 3308 172 3352; x_wconf 80' lang='lat' dir='ltr'>stes:</span> <span class='ocrx_word' id='word_1_406' title='bbox 189 3301 254 3351; x_wconf 83' lang='lat' dir='ltr'>diris</span> <span class='ocrx_word' id='word_1_407' title='bbox 264 3298 449 3356; x_wconf 70' lang='lat' dir='ltr'>eumominibus</span> <span class='ocrx_word' id='word_1_408' title='bbox 460 3299 567 3351; x_wconf 70' lang='lat' dir='ltr'>tribunes</span> <span class='ocrx_word' id='word_1_409' title='bbox 577 3327 611 3338; x_wconf 86' lang='lat'>—-</span> <span class='ocrx_word' id='word_1_410' title='bbox 621 3325 655 3338; x_wconf 84' lang='lat'><em>-</em></span> <span class='ocrx_word' id='word_1_411' title='bbox 666 3303 776 3359; x_wconf 85' lang='lat' dir='ltr'>conatis,</span> <span class='ocrx_word' id='word_1_412' title='bbox 790 3315 892 3366; x_wconf 87' lang='lat' dir='ltr'>quorum</span> <span class='ocrx_word' id='word_1_413' title='bbox 903 3327 945 3350; x_wconf 90' lang='lat'>—-.</span> <span class='ocrx_word' id='word_1_414' title='bbox 971 3300 1021 3351; x_wconf 88' lang='lat' dir='ltr'>Sed</span> 
     </span>
     <span class='ocr_line' id='line_1_46' title="bbox 107 3366 453 3433; baseline -0.006 -15"><span class='ocrx_word' id='word_1_415' title='bbox 107 3367 239 3433; x_wconf 83' lang='lat' dir='ltr'>periodum</span> <span class='ocrx_word' id='word_1_416' title='bbox 250 3366 315 3417; x_wconf 86' lang='lat' dir='ltr'>male</span> <span class='ocrx_word' id='word_1_417' title='bbox 326 3374 453 3417; x_wconf 85' lang='lat' dir='ltr'>structam.</span> 
     </span>
    </p>
   </div>
   <div class='ocr_carea' id='block_1_3' title="bbox 0 0 1191 3946">
    <p class='ocr_par' dir='ltr' id='par_1_13' title="bbox 0 0 1191 3946">
     <span class='ocr_line' id='line_1_47' title="bbox 0 0 1191 3946; baseline 0 0"><span class='ocrx_word' id='word_1_418' title='bbox 0 0 1191 3946; x_wconf 95' lang='lat' dir='ltr'> </span> 
     </span>
    </p>
   </div>
  </div>
 </body>
</html>
