2340 3946
139 207 182 270 50
409 208 449 267 Μ.
475 208 615 268 viatim
634 209 848 270 PATERCULI

140 359 314 424 certaminis
329 360 515 436 spectaculis
531 361 676 438 epulique
687 377 743 436 per
753 363 865 422 multos
881 362 949 423 dies
966 362 1030 423 dati
1046 379 1063 423 c

107 446 276 508 abratione
295 445 426 520 replevit
445 460 522 504 eam.
565 444 706 520 Quinque
726 445 788 519 egit
802 444 991 520 triumphos:
1019 447 1063 506 Ga

138 537 306 605 apparatus
321 545 361 589 ex
382 528 473 602 citro,
493 528 609 589 Pontici
629 543 668 587 ex
689 529 835 602 acantho,
856 529 1062 590 Alexandrini

139 613 276 688 studine,
290 612 386 672 Africi
397 613 506 683 ebore,
521 610 736 687 Hispaniensis
746 619 872 687 argento
884 611 971 674 rasili
979 621 1063 674 const

137 695 271 757 Pecunia
287 712 328 780 ex
347 695 498 757 manubiis
520 697 580 756 lata
595 695 688 771 paulo
710 697 841 770 amplius
861 700 982 757 sexam
1003 698 1063 758 mili

108 780 320 846 ascetertium.
346 779 453 855 Neque
467 779 510 839 illi
530 786 613 839 tanto
628 778 694 840 viro
718 786 748 840 et
762 786 823 840 tam
838 781 1007 840 clementer
1029 796 1063 840 on

137 864 195 925 bus
210 863 346 926 victoriis
362 862 429 923 suis
449 878 508 923 uso
524 864 593 938 plus
610 863 746 938 quinque
767 864 918 924 mensium
940 865 1063 940 princip

138 947 226 1023 quies
241 948 380 1023 contigit=
397 947 512 1022 quippe
526 962 594 1006 cum
605 946 842 1008 menseOctobri
854 947 884 1006 in
894 947 1004 1007 urbem
1020 965 1063 1007 rer

137 1031 240 1105 tisset,
265 1032 366 1092 idibus
394 1029 509 1090 Martiis
536 1030 752 1092 coniurationis
778 1030 955 1091 auctoribus
976 1031 1063 1092 Brut(

138 1115 261 1189 Cassio,
278 1129 408 1190 quorum
420 1115 546 1174 alterum
560 1112 765 1189 promittendo
778 1114 970 1175 consulatum
987 1131 1053 1175 non

137 1198 299 1274 ligaverat,
321 1203 427 1258 contra
442 1196 612 1258 differendo
629 1198 765 1258 Cassium
782 1196 968 1272 offenderat,
990 1199 1063 1259 adia

136 1281 227 1343 etiam
242 1280 423 1343 consiliariis
439 1279 542 1341 caedis
563 1279 806 1342 familiarissimis
829 1281 964 1342 omnium
979 1289 1012 1342 at
1027 1283 1063 1342 ior

137 1382 177 1426 na
198 1365 328 1440 partium
348 1364 416 1425 eius
436 1363 467 1424 in
486 1380 635 1426 summum
651 1365 766 1426 evectis
782 1364 951 1439 fastigium,
973 1366 1010 1426 D.
1026 1367 1063 1425 Br

137 1447 204 1509 etc.
214 1447 365 1508 Trebonio
377 1447 507 1524 aliisque
518 1449 592 1509 clari
602 1449 734 1509 nominis
745 1447 833 1521 viris,
848 1450 1051 1528 interemptus

105 1531 188 1593 lcui
204 1547 344 1607 magnam
365 1529 511 1592 invidiam
533 1532 710 1593 cancillarat
729 1533 770 1592 Μ.
784 1532 953 1604 Antonius,
976 1532 1063 1593 omni

136 1616 285 1676 audendis
311 1616 539 1691 paratissimus,
566 1617 744 1678 consulatus
770 1617 902 1690 collega,
930 1616 1063 1692 imponet

136 1699 228 1775 capiti
255 1701 322 1761 eius
345 1699 565 1775 Lupercalibus
595 1700 732 1760 sedentis
764 1716 821 1775 pro
853 1699 963 1760 rostris
997 1700 1063 1773 insit

134 1783 265 1857 regium,
294 1784 378 1856 quod
402 1785 440 1843 ab
461 1797 498 1842 eo
522 1783 562 1843 ita
574 1787 732 1857 repulsum
753 1789 831 1858 erat,
854 1790 885 1842 ut
899 1799 960 1843 non
978 1783 1061 1844 offen

134 1866 297 1926 videretur.

106 1964 121 2014 1
217 1948 307 2008 LVII.
348 1949 547 2009 Laudandum
562 1948 751 2023 experientia
767 1950 927 2010 consilium
940 1959 988 2012 cst
999 1951 1061 2012 Pan

135 2040 227 2109 atque
241 2032 333 2106 Hirti,
355 2032 407 2108 qui
423 2047 546 2106 semper
566 2031 782 2106 praedixerant
796 2033 935 2107 Caesari,
957 2042 990 2095 ut
1005 2034 1063 2110 prii

134 2124 238 2191 patum
254 2114 347 2176 armis
364 2115 535 2191 quaesitum
551 2114 642 2175 armis
657 2121 789 2176 teneret:
815 2117 865 2176 ille
881 2117 1025 2179 dictitans
1041 2137 1063 2180 rt

134 2201 170 2259 se
184 2214 275 2274 quarn
291 2198 387 2258 timeri
401 2200 491 2258 malle
508 2199 580 2260 dum
592 2199 796 2275 clementiam,
811 2217 902 2276 quam
914 2203 1063 2276 praestita

134 2287 290 2358 expectat,
308 2281 447 2344 incautus
459 2282 498 2343 ab
509 2281 635 2359 ingratis
648 2291 816 2357 occupatus
829 2291 891 2359 est,
908 2300 978 2345 cum
991 2286 1063 2362 quid

133 2364 264 2442 plurima
278 2367 441 2442 praesagia
456 2371 549 2442 atquc
566 2366 679 2427 indicIa
694 2367 735 2427 dii
749 2367 933 2429 immortales
956 2371 1048 2430 futuri

104 2448 273 2518 ntuIIssent
289 2451 424 2526 periculi.
456 2451 531 2511 Nam
552 2457 583 2511 et
595 2449 776 2526 haruspices
797 2461 1063 2528 praemonueram,

134 2532 367 2609 diligentissIme
387 2533 492 2596 iduum
513 2534 687 2594 Martiarum
713 2543 836 2595 caveret
859 2535 954 2611 diem,
982 2545 1014 2598 et
1037 2555 1063 2599 u:

134 2617 298 2694 Calpurnia
310 2620 413 2680 territa
427 2624 576 2679 nocturno
590 2618 676 2691 visu,
697 2624 731 2678 ut
745 2634 781 2678 ea
797 2617 847 2680 die
868 2619 949 2680 domi
965 2621 1063 2682 subsir

131 2708 192 2774 ret,
211 2702 331 2774 orabat,
344 2707 375 2762 et
383 2699 476 2761 libelli
488 2699 728 2762 coniurationem
739 2703 911 2763 nuntiantes
931 2704 994 2765 dati
1015 2721 1063 2765 ne<

103 2796 121 2850 a
133 2785 272 2859 protinus
298 2783 337 2844 ab
358 2799 395 2844 eo
422 2784 491 2845 lecti
519 2791 613 2845 erant.
659 2783 722 2845 Sed
747 2787 885 2861 prolecto
910 2787 1063 2849 ineluctah

132 2868 263 2929 latorum
277 2867 340 2941 vis,
356 2870 496 2944 cuiusque
510 2869 661 2928 fortunam
672 2875 790 2930 mutare
802 2870 971 2946 constituit,
988 2887 1063 2933 cons

132 2953 307 3028 corrumpit.
1033 2959 1035 2963 ’

105 3045 119 3098 1
216 3036 321 3097 LVIII.
362 3036 427 3112 Quo
443 3050 523 3096 anno
538 3034 570 3095 id
593 3044 753 3112 patravere
776 3035 894 3098 lacinus
907 3039 1022 3099 Brutus
1039 3045 1063 3100 el

133 3119 274 3195 Cassius,
296 3127 455 3197 praetores
471 3126 571 3194 amnt,
593 3120 629 3180 D.
650 3121 763 3182 Brutus
789 3123 897 3182 consul
917 3123 1063 3198 designati

131 3202 162 3262 lri
187 3221 249 3265 una
275 3220 343 3264 cum
373 3199 593 3264 coniurationis
617 3204 710 3280 globo
736 3204 840 3281 stipati
859 3206 1062 3279 gladiatorum

101 3288 217 3349 aBruti
232 3285 511 3363 manucapitoIIum
527 3303 730 3364 occupavere.
751 3286 825 3350 Ilum
838 3291 946 3350 consul
960 3291 1063 3351 Anton

132 3378 238 3447 (quem
253 3386 322 3431 cum
336 3370 426 3431 simul
440 3370 672 3432 interimendum
693 3372 866 3433 censuisset
880 3373 1005 3433 cassina
1021 3380 1063 3433 tes

134 3462 336 3532 mentumque
358 3454 501 3517 Caesaris
524 3455 724 3530 abolendum,
748 3455 863 3516 Brutus
887 3471 1063 3533 repugnave
