2370 3946
176 217 219 280 90
450 214 491 276 Μ.
510 215 652 276 VELLEI
673 215 889 277 PATERCULI

176 371 332 433 resolutus
354 366 439 430 initio
455 367 601 444 Pompeio
618 367 815 444 Apuleioque
832 368 1014 432 consulibus
1036 379 1155 446 septua-
1183 401 1185 406 ·

177 452 295 530 gesimo
315 461 404 514 sexto
419 466 501 512 anno
520 452 651 513 animam
665 453 833 514 coelestem
848 455 936 516 coelo
952 451 1100 515 reddidit.

145 553 161 604 1
262 537 391 597 CXXIV.
416 535 495 610 Quid
509 545 580 597 tunc
595 533 736 597 homines
750 535 918 613 timuerint,
934 553 1017 613 quac
1035 544 1155 600 senatus
1184 593 1185 596 ,

176 619 356 697 trepidatio,
379 637 459 697 quae
480 619 588 697 populi
609 618 767 695 confusio,
791 621 863 697 quis
884 622 968 684 orbis
986 629 1105 696 metus,
1130 622 1155 682 io
1182 687 1185 716 Ι

177 721 270 783 quam
284 712 350 767 arto
366 704 474 767 salutis
489 703 626 780 enitique
641 702 788 766 fuerimus
803 705 953 781 confinio,
969 720 1076 781 neque
1088 704 1155 767 mibi
1183 733 1185 744 ·

176 799 238 852 tam
261 788 416 852 festinanti
437 787 610 864 exprimere
632 795 721 849 vacat
738 805 841 864 neque
862 788 911 851 cui
933 797 1025 851 vaeot
1040 796 1155 866 potente

177 874 210 934 id
225 874 326 935 solum
343 889 423 934 voce
443 871 569 948 publico
589 870 708 934 dixisse
731 873 808 935 satis
828 873 943 935 habeor
965 873 1055 936 euius
1078 870 1156 936 oron
1183 873 1185 926 Ψ

177 956 295 1020 ruinam
310 955 517 1029 timueramus,
533 972 603 1017 eum
614 972 655 1017 ne
665 965 850 1019 commotum
866 956 990 1034 quidem
1005 957 1156 1021 sensimus
1184 1026 1185 1041 χ

176 1050 323 1117 tantaque
335 1041 426 1103 unius
438 1039 497 1100 riri
508 1039 654 1101 maiestas
666 1040 730 1113 fuit,
747 1049 781 1103 ut
794 1057 852 1103 nec
867 1041 958 1104 bonis
972 1056 1079 1119 neque
1089 1054 1158 1105 cott-

144 1133 162 1186 i
178 1135 222 1188 tra
236 1127 335 1186 maios
350 1141 431 1201 opus
447 1122 541 1184 armis
557 1124 645 1185 foret.
667 1125 735 1185 Una
750 1133 851 1186 tomen
867 1124 962 1188 veluti
978 1124 1157 1191 luctationi

176 1209 279 1280 vitatis
304 1207 375 1282 fuit,
401 1206 567 1284 pugnantis
589 1223 658 1267 cum
681 1209 813 1271 caesare
838 1218 965 1272 senalus
989 1209 1158 1287 populique

175 1291 321 1366 Romani,
336 1300 370 1353 ut
385 1289 508 1353 stationi
523 1300 668 1367 paternae
682 1293 879 1370 succederet,
894 1292 992 1370 illius,
1008 1303 1044 1357 ut
1057 1293 1158 1370 potius

176 1376 338 1451 aequalem
349 1375 448 1436 civem
460 1391 553 1451 quam
560 1374 741 1437 eminentem
752 1375 858 1439 ficeret
868 1393 961 1454 agere
971 1376 1159 1455 prinoipem

177 1460 301 1522 tandem
315 1458 413 1535 magis
427 1461 546 1521 ratione
562 1475 654 1536 quom
668 1459 787 1521 honore
801 1460 900 1523 victus
916 1470 973 1535 est,
988 1477 1061 1535 cum
1076 1461 1159 1538 quio·

178 1543 251 1621 quid
269 1543 415 1605 tuendum
433 1561 495 1606 non
516 1542 724 1620 suscepisset,
749 1543 916 1620 periturum
932 1545 1067 1619 videret,
1090 1544 1160 1607 sofi-

177 1645 238 1705 que
262 1627 334 1688 huic
361 1627 487 1705 contigit
510 1644 612 1704 paene
636 1627 751 1689 diutius
774 1642 920 1691 recusare
945 1628 1160 1706 principatum,

143 1722 161 1775 3
177 1729 284 1789 quam,
302 1721 336 1774 ut
351 1721 538 1788 occuparent
552 1728 638 1786 eum,
660 1711 712 1773 alii
727 1712 820 1773 annis
839 1721 1062 1789 pugnaverant
1089 1713 1161 1775 Post

176 1795 328 1857 redditum
339 1797 427 1857 coelo
444 1805 561 1873 patrem
576 1803 606 1856 et
617 1811 731 1872 corpus
744 1795 812 1857 eius
826 1795 968 1858 humanis
980 1795 1161 1871 honoribus,

177 1895 289 1939 numen
302 1878 414 1939 divinis
430 1879 611 1941 honoratum
626 1878 756 1954 primum
772 1879 987 1956 principalium
1003 1879 1073 1941 eius
1088 1895 1162 1957 ope·

175 1979 243 2025 rum
259 1962 314 2023 tuit
330 1960 480 2023 ordinatio
496 1961 702 2038 comitiorum,
727 1979 819 2039 quam
833 1980 925 2025 manu
939 1980 998 2025 sua
1015 1962 1161 2041 scripum

143 2047 266 2110 tdivus
281 2049 441 2122 Augustus
462 2045 638 2122 reliquerat.
668 2046 734 2120 Quo
755 2054 895 2122 tempore
917 2047 992 2108 mibi
1014 2045 1163 2124 namque

175 2147 261 2203 meo,
285 2128 457 2191 candidatis
473 2128 630 2203 Caesaris,
653 2129 794 2206 proxime
808 2148 828 2191 a
843 2129 1045 2194 nobilissimis
1060 2144 1099 2194 ao
1114 2146 1163 2193 sa·

176 2213 384 2275 cerdotalibus
400 2211 474 2274 viris
496 2213 644 2275 destinari
667 2214 861 2290 praetoribus
884 2213 1027 2290 contigit,
1050 2230 1162 2279 conse·

176 2296 264 2371 cutis,
280 2304 313 2357 ut
327 2313 430 2373 neque
447 2306 521 2374 post
534 2314 593 2360 nos
609 2315 794 2375 quemquam
809 2299 900 2361 divus
914 2303 1092 2374 Augustus,
1108 2314 1163 2361 ne-

177 2397 238 2456 que
254 2387 324 2441 ante
340 2396 399 2442 nos
416 2381 529 2443 caesor
547 2383 778 2445 commendaret
791 2382 941 2445 Tiberius.

143 2474 159 2525 1
260 2465 375 2526 CXXV.
404 2465 483 2528 Tulit
502 2465 644 2543 protinus
662 2475 693 2529 et
708 2466 771 2528 voti
789 2476 820 2530 et
834 2466 945 2529 consili
965 2465 1014 2528 sui
1028 2466 1162 2543 produn

173 2549 350 2626 respublica
364 2566 467 2627 neque
481 2550 535 2612 diu
549 2551 637 2613 fatuit
650 2559 704 2612 aut
714 2550 789 2627 quid
803 2568 865 2612 non
880 2551 1075 2628 impetrando
1089 2568 1165 2628 pas·

141 2642 159 2694 2
174 2634 237 2696 suri
246 2632 421 2707 fuissemus,
430 2642 483 2696 aut
491 2634 564 2711 quid
572 2634 763 2710 impetrando
771 2635 1023 2710 profecissemus.
1039 2634 1164 2713 Quippe

175 2717 346 2790 exercitus,
370 2716 470 2793 quiin
487 2718 649 2779 Germania
670 2718 817 2779 militabat
833 2718 1073 2795 praesentisque
1088 2719 1164 2781 Ger·

174 2799 286 2860 manici
308 2799 439 2876 imperio
459 2800 636 2876 regebatur,
665 2801 819 2879 simulque
842 2802 998 2880 legiones,
1025 2819 1110 2880 quae
1132 2803 1163 2863 in

173 2882 296 2961 illyrico
319 2892 419 2958 erant,
444 2883 529 2947 rabie
554 2887 686 2961 quadam
713 2895 743 2948 et
768 2888 924 2964 profunda
950 2886 1164 2950 confundendi

174 2966 276 3028 omnia
290 2966 458 3044 cupiditate
478 2986 592 3030 novum
613 2971 738 3044 ducem,
762 2987 878 3034 novum
898 2978 1026 3044 statum,
1047 2984 1165 3033 novam

174 3050 364 3127 quaerebant
384 3052 621 3128 rempublicam
650 3054 722 3130 quin
748 3055 839 3117 etiam
863 3054 931 3117 ausi
956 3061 1029 3117 sunt
1051 3054 1165 3117 minari

172 3135 302 3198 daturos
316 3136 446 3210 senatui,
456 3137 590 3199 daturos
608 3136 740 3214 principi
754 3140 855 3215 legem
874 3140 999 3200 modum
1015 3138 1165 3216 stipendi,

172 3219 265 3280 finem
286 3219 409 3282 militiae
427 3220 486 3282 sibi
509 3220 571 3298 ipsi
592 3222 779 3285 constituere
800 3221 902 3285 conati
924 3232 1011 3297 sunt,
1032 3238 1165 3300 proees-

173 3319 241 3363 sum
264 3303 355 3364 etiam
375 3303 406 3364 in
428 3320 513 3365 arma
533 3307 709 3381 ferrumque
731 3305 868 3368 strictum
892 3314 992 3368 estet
1012 3324 1117 3384 paene
1131 3307 1161 3369 iu

171 3385 310 3448 ultimum
324 3387 495 3462 gladiorum
510 3388 611 3465 erupit
625 3389 791 3466 impunitos
808 3390 966 3466 doluitque
983 3390 1037 3465 qui
1053 3401 1161 3454 contro

138 3469 393 3546 3rempublicam
415 3472 557 3549 duceret,
581 3489 644 3534 non
666 3473 719 3550 qui
745 3483 958 3550 sequerentur.
993 3472 1058 3535 Sed
1081 3475 1159 3537 haee
