2340 3946
210 228 422 290 HlSTORIAE
444 228 636 291 ROMANAE
658 231 822 304 11,at.98.
964 230 1004 294 73

103 378 220 439 XCVII.
251 377 314 438 Sed
329 379 401 439 dum
423 378 453 438 in
474 378 532 439 hac
552 386 639 454 parte
654 381 762 456 Imperi
778 383 880 443 omnia
894 399 1003 460 gerun-
1019 389 1034 442 l

16 472 67 524 tur
90 462 315 538 prosperrime,
337 470 466 537 accepto
480 463 510 521 in
527 463 687 524 Germania
702 465 807 525 clades
823 466 880 527 sub
904 468 1002 541 legato
1031 461 1034 468 ’

12 545 58 606 Μ.
73 546 189 621 Lollio,
204 546 327 608 homine
341 546 371 607 in
387 547 488 606 omnia
503 548 653 622 pecuniae
667 565 759 623 quarn
773 558 857 610 recte
872 551 1004 612 faciendi

17 631 182 706 cupidiore
197 638 228 690 et
247 631 325 691 inter
346 646 495 691 summam
509 630 652 692 vitiorum
672 632 944 694 dissimulationem
959 636 1004 693 vi-

15 712 205 788 tiosissImo,
228 714 405 789 amissaque
422 715 551 789 legionis
567 717 691 790 quintae
711 717 814 791 aquila
827 718 950 778 vocavit
964 718 1002 778 ab

15 798 95 858 urbe
110 798 141 856 ln
159 798 271 858 Gallias
288 797 459 858 Caesarem.
493 799 570 858 Cura
589 800 700 860 deinde
721 806 813 875 atque
835 816 913 862 onus
930 803 1035 862 Ger-a

15 881 129 941 manici
143 881 215 941 belli
230 882 369 956 delegata
383 883 484 942 Druso
502 881 642 958 Claudio,
663 883 746 942 fratri
759 882 905 958 Neronis,
927 886 1003 946 adu-

16 965 148 1025 lescenti
162 972 207 1026 tot
221 972 433 1041 tantarumque
446 966 598 1040 virtutum,
615 966 691 1041 quot
704 975 735 1027 et
745 974 879 1042 quantas
894 976 1003 1028 natura

19 1049 154 1108 mortalis
179 1047 289 1124 recipit
313 1051 361 1108 vel
386 1049 537 1110 industria
560 1051 704 1126 percipit:
734 1051 821 1111 cuius
847 1051 1002 1126 ingenium

20 1139 118 1192 utrum
133 1132 252 1193 bellicis
268 1133 365 1207 magis
382 1134 527 1207 operibus
543 1149 582 1193 an
598 1135 738 1194 civilibus
759 1135 916 1196 suffecerit
930 1135 1001 1197 arti-

17 1213 91 1290 bus,
114 1217 144 1276 in
166 1217 282 1276 incerto
299 1224 360 1277 est:
381 1232 499 1277 morum
516 1225 598 1277 certe
614 1219 745 1278 dulcedo
762 1234 798 1278 ac
819 1218 956 1280 suavitas
972 1225 1003 1280 et

22 1299 169 1360 adversus
191 1300 307 1360 amicos
330 1316 431 1375 aequa
445 1317 481 1360 ae
498 1317 553 1375 par
568 1300 617 1361 sui
632 1301 802 1363 aestimatio
817 1301 1001 1363 inimitabilis

21 1381 115 1444 luisse
130 1382 256 1453 diuitum
283 1400 352 1443 nam
368 1383 562 1459 pulchritudo
579 1384 718 1461 corporis
740 1388 880 1462 proxima
895 1389 1001 1447 frater-

23 1481 76 1526 nae
87 1468 152 1529 luit.
175 1466 239 1527 Sed
253 1468 336 1528 illum
348 1484 459 1543 magna
473 1485 512 1528 ex
524 1476 611 1542 parte
624 1470 803 1530 domitorem
812 1470 1000 1544 Germaniae,
1014 1479 1032 1532 3

25 1550 149 1624 plurimo
165 1551 232 1611 eius
249 1551 349 1626 gentis
365 1551 459 1611 variis
481 1552 510 1609 ln
526 1552 604 1612 locis
625 1554 753 1627 proluso
769 1556 932 1628 sanguine,
957 1554 971 1612 l
989 1587 1000 1595 -

23 1640 116 1695 torum
140 1633 287 1709 iniquitas
309 1637 482 1707 consulem,
509 1642 648 1709 agentem
671 1651 783 1696 annum
805 1638 1000 1710 tricesimum,

24 1719 126 1793 rapuit.
153 1718 252 1778 Moles
268 1719 380 1778 delnde
395 1720 461 1779 eius
483 1719 553 1779 belli
573 1719 762 1779 translatam
777 1719 928 1780 Neronem
945 1727 1000 1794 est,
1016 1731 1032 1781 4

26 1802 101 1875 quod
115 1803 142 1862 is
157 1818 215 1862 sua
230 1809 260 1862 et
271 1803 379 1863 vlrtute
391 1810 421 1863 et
433 1803 556 1865 fortuna
571 1802 792 1864 administravit
805 1811 999 1880 peragratus-

26 1900 79 1958 que
98 1887 198 1947 victor
218 1887 317 1946 omnis
336 1887 431 1961 partis
449 1887 629 1947 Germaniae
650 1888 717 1947 sine
732 1889 794 1948 ullo
817 1887 999 1948 detrimento

26 1970 173 2031 commissi
195 1971 366 2043 exercitus,
394 1970 478 2045 quod
500 1970 666 2045 praecipue
685 1971 757 2031 huic
781 1972 851 2032 duci
877 1987 1001 2046 semper
1042 2047 1045 2052 Ι

26 2065 109 2113 curae
124 2053 193 2127 luit,
219 2053 265 2114 sio
279 2054 453 2129 perdomuit
468 2071 550 2126 eam,
575 2062 606 2115 ut
627 2055 656 2114 in
679 2056 807 2115 sormam
824 2070 924 2129 paene
946 2055 998 2116 sti-

25 2135 195 2207 pendiarIae
218 2137 370 2212 redigeret
397 2140 585 2213 provlnciae.
627 2140 702 2200 Tum
727 2142 803 2198 alter
826 2137 998 2214 triumphus

25 2231 85 2280 oum
100 2223 196 2283 altero
213 2224 374 2282 consulatu
388 2223 416 2282 ei
433 2223 553 2283 oblatus
570 2230 626 2283 est.

92 2303 224 2364 XCVIII.
257 2306 335 2365 Dum
357 2322 408 2380 ea,
437 2321 516 2380 quae
538 2305 763 2380 praediximuS,
789 2304 820 2365 in
843 2305 1029 2371 Pannonial

24 2383 240 2464 Germaniaque
260 2398 421 2464 geruntur,
448 2396 535 2449 atrox
556 2390 587 2448 in
608 2389 735 2448 ThracIa
759 2389 873 2449 bellum
899 2398 998 2450 ortum

23 2472 159 2533 omnibus
180 2472 247 2533 eius
268 2473 368 2548 gentis
389 2473 564 2534 nationibus
584 2472 615 2531 in
636 2487 721 2531 arma
744 2472 901 2544 accensis,
923 2473 997 2533 Luci

20 2546 151 2629 PIsonis,
179 2572 270 2631 quem
291 2557 446 2632 hodieque
468 2556 732 2632 dIIIgentissimum
752 2562 845 2628 atque
865 2556 998 2616 eundem

20 2633 205 2700 lenissimum
221 2641 391 2701 securitatIs
413 2642 549 2702 urbanae
570 2641 731 2701 custodem
751 2637 915 2713 habemus,
938 2639 996 2698 vir-

20 2723 64 2783 tus
80 2724 267 2799 compressit
285 2724 416 2800 (quippe
429 2728 547 2800 legatus
564 2725 705 2785 Caesaris
720 2722 849 2783 triennio
865 2738 934 2783 cum
948 2720 997 2781 hIs

19 2797 139 2866 bellavit
159 2807 321 2883 gentisque
337 2808 546 2870 ferocissimas
562 2808 692 2885 plurimo
709 2823 779 2868 cum
794 2822 898 2868 earum
915 2806 984 2867 oxci
1012 2840 1014 2844 ·

20 2885 65 2950 dio
80 2906 164 2950 nunc
179 2890 260 2965 acie,
286 2907 367 2952 nune
383 2892 662 2967 expugnationibus
683 2893 713 2951 ln
734 2891 895 2966 pristinum
910 2889 997 2964 pacis

18 2973 133 3048 redegit
157 2975 298 3047 modum)
321 2976 451 3049 eiusque
476 2976 647 3050 patratione
671 2976 767 3034 Asiae
792 2974 994 3044 securitatem,

18 3047 216 3118 Macedoniae
237 3074 345 3133 pacem
366 3059 507 3121 reddidit.
541 3061 587 3119 De
609 3075 670 3135 quo
692 3058 757 3118 viro
779 3056 839 3115 hoc
853 3055 995 3117 omnibus
1109 3133 1111 3138 Ι

18 3140 209 3202 sentiendum
224 3157 261 3202 ac
276 3142 516 3218 praedicandum
531 3149 588 3216 est,
603 3158 675 3203 esse
689 3156 792 3202 mores
808 3139 874 3199 eius
889 3139 996 3214 vigore

16 3235 50 3284 ac
69 3223 193 3285 lenitate
214 3225 413 3287 mixtissimos
434 3232 464 3286 et
478 3226 530 3284 vix
545 3241 729 3301 quemquam
743 3221 870 3299 reperiri
891 3237 996 3297 posse,

18 3306 68 3382 qui
83 3314 135 3371 aut
150 3310 244 3371 otium
259 3310 390 3371 validIus
405 3310 511 3384 diligat
525 3316 576 3369 aut
591 3310 709 3370 lucilius
724 3307 858 3370 sufficiat
872 3306 995 3382 negotio

16 3396 44 3448 et
62 3393 161 3467 magis
183 3408 264 3469 quae
285 3394 403 3469 agenda
424 3399 495 3454 sunt
517 3399 603 3454 curet
622 3393 689 3453 sine
709 3395 772 3455 ulla
793 3391 995 3454 ostentatione

16 3477 134 3550 agendi.
