2370 3946
133 243 176 308 48
402 241 442 302 Μ.
463 241 604 301 VELLEI
622 240 838 302 PATERCUH

137 392 296 456 suetudine
311 396 392 463 utar)
408 391 556 453 dimittere
572 397 745 468 [praecones
759 394 973 467 paroeciae·

104 483 253 550 decretae]
280 477 339 537 Pro
358 476 399 536 dii
420 475 621 549 immortales,
644 475 728 550 quod
748 474 840 535 huius
857 477 979 536 volunta

104 564 263 624 5Brutum
288 576 364 622 suae
389 568 500 637 postea
519 559 566 618 vir
589 564 651 618 tam
678 559 757 619 mitis
783 558 912 634 pretium
935 561 976 619 tui

137 650 169 710 io
187 646 238 706 iiia
263 645 390 705 victoria
417 643 600 715 mirabilius,
633 641 893 718 magnificentius,
920 644 979 702 elur

138 748 228 806 quom
251 732 332 805 qood
355 728 506 789 neminem
531 724 590 786 nisi
610 726 677 786 acie
699 733 912 801 consumptum
941 728 979 786 cir

136 815 194 875 tria
213 813 413 882 desideravit3
444 812 501 872 sed
514 826 625 870 munus
649 810 879 871 misericordiae
897 826 979 871 corrt

136 899 262 972 tinacia,
279 913 348 958 cum
364 896 507 956 libentius
522 894 613 954 vitam
629 895 727 956 victor
741 893 800 954 iam
817 894 917 969 daret,
940 912 979 969 qu

137 983 321 1058 acciperent.

105 1078 120 1128 1
216 1066 291 1126 Llll.
313 1062 478 1138 Pompeius
491 1062 669 1137 profugiens
684 1078 753 1122 curn
764 1061 885 1121 duobus
896 1063 979 1122 Lentu

138 1149 290 1212 sularibus
303 1148 462 1222 Sextoque
476 1146 539 1206 filio
554 1153 585 1207 et
597 1145 733 1207 Favonio
748 1146 912 1222 praetorio,
930 1164 979 1222 qut

137 1243 184 1296 tes
210 1232 239 1293 ei
264 1234 386 1294 fortuna
410 1232 647 1306 adgregaverat,
673 1228 741 1290 aliis
767 1237 800 1290 ut
823 1229 967 1303 Parthos,

137 1318 273 1378 Africam
289 1322 414 1390 peteret,
429 1315 458 1373 in
476 1331 537 1390 qua
551 1312 762 1375 fidelissimum
778 1315 909 1389 partium
924 1331 979 1374 sua

136 1402 223 1460 beret
241 1414 346 1473 regem
366 1399 487 1471 Iubam,
509 1397 709 1458 suadentibus
724 1398 900 1477 Aegyptum
921 1407 979 1474 pet«

138 1483 243 1560 posuit
255 1499 373 1545 mernor
392 1483 625 1554 beneficiorum,
649 1482 779 1557 quaein
802 1491 919 1558 patrem
940 1483 979 1542 eit

136 1568 230 1644 maci,
269 1568 321 1644 qui
349 1576 412 1629 tum
440 1584 538 1644 puero
567 1582 658 1643 quam
687 1566 790 1627 iuveni
817 1567 945 1643 propior
972 1585 980 1625 r

105 1665 121 1717 2
136 1653 359 1728 Alexandreae,
379 1654 555 1714 contulerat.
588 1650 650 1711 Sed
667 1651 735 1726 quis
751 1651 781 1710 in
797 1652 937 1712 adversis
952 1651 979 1710 bt

136 1754 204 1797 rum
219 1745 322 1798 servat
336 1737 534 1797 memoriam?
554 1743 605 1795 aut
620 1733 689 1809 quis
704 1735 795 1795 ullam
812 1736 979 1795 calamitosi

139 1825 223 1894 putat
247 1819 395 1892 gratiam?
423 1826 474 1879 aut
500 1818 624 1894 quando
650 1818 772 1878 fortuna
797 1836 859 1878 non
885 1825 979 1878 mutat

104 1900 223 1967 aMissi
243 1902 346 1975 itaque
367 1901 405 1961 ab
425 1916 514 1974 rege,
543 1901 595 1974 qui
616 1900 788 1961 venientem
811 1901 862 1960 Cn.
877 1902 979 1977 Pompo

136 1988 195 2047 iam
211 1983 396 2063 aMytilenis
409 1983 578 2044 Corneliam
592 1997 719 2042 uxorem
734 1991 890 2058 receptam
904 1986 934 2043 in
951 2004 979 2044 na

136 2086 195 2144 gae
207 2069 345 2129 comitem
357 2067 471 2126 habere
483 2070 641 2140 coeperat)
649 2065 777 2127 consilio
784 2066 932 2127 Theodoti
945 2076 974 2127 et

105 2159 109 2165 '
137 2151 315 2226 exciperent
328 2151 599 2224 hortarenturque,
615 2156 648 2210 ut
662 2164 700 2209 ex
717 2151 857 2211 oneraria
871 2151 901 2210 in
917 2167 979 2210 eam

137 2249 218 2310 quae
230 2232 351 2294 obviam
365 2240 569 2309 processerat,
585 2235 832 2305 transcenderet;
848 2236 932 2311 quod
945 2252 979 2296 cu

137 2326 200 2394 set,
226 2318 371 2393 princeps
392 2319 522 2379 Romani
542 2318 672 2379 nominis
698 2318 826 2394 imperio
850 2319 979 2382 arbitrio

136 2403 235 2481 gyptii
249 2403 382 2478 mancipi
396 2402 427 2463 C.
444 2401 591 2477 Caesare,
612 2401 644 2461 P.
659 2401 789 2465 Servilio
806 2405 979 2466 consulibus

105 2495 184 2555 atus
205 2495 262 2549 est.
296 2486 354 2547 Hic
375 2494 447 2562 post
470 2488 525 2548 tris
547 2489 724 2548 consulatus
746 2495 776 2549 et
795 2490 918 2550 totidem
945 2489 979 2548 tri

136 2572 345 2646 domitumque
359 2579 506 2633 terrarum
529 2571 634 2632 orbern
655 2572 840 2632 sanctissimi
861 2589 897 2632 ac
920 2589 979 2648 pra

136 2655 204 2716 simi
229 2655 287 2714 viri
312 2653 343 2713 in
364 2654 395 2713 id
416 2653 528 2727 evecti,
555 2669 650 2728 super
672 2656 754 2729 quod
776 2657 901 2716 ascendi
922 2672 979 2715 non

136 2736 468 2810 duodesexagesimum
482 2753 595 2797 annum
616 2739 734 2810 agentis
756 2739 854 2814 pridie
869 2742 979 2799 nataler

135 2821 217 2881 vitae
237 2818 294 2879 iuit
308 2819 424 2894 exitus,
445 2819 476 2880 in
497 2827 612 2881 tuntum
633 2823 663 2881 in
684 2820 736 2883 ilio
757 2824 823 2884 viro
840 2840 907 2884 ase
922 2824 979 2882 dist

136 2905 273 2977 fortuna,
289 2909 322 2964 ut
337 2904 386 2964 oui
400 2904 492 2966 modo
509 2904 548 2964 ad
562 2904 719 2967 victoriam
733 2912 815 2967 terra
830 2908 976 2980 defuerat,

104 2990 175 3049 5ad
206 2989 404 3064 sepulturam.
452 2987 530 3062 Quid
558 2989 642 3050 aliud
670 3007 760 3066 quarn
796 2992 919 3051 nimium
948 3007 979 3050 ο(

136 3072 283 3147 dixerim,
311 3087 390 3148 quos
416 3071 447 3131 in
471 3078 570 3132 aetate
591 3081 622 3133 et
640 3073 713 3135 tanti
734 3081 765 3134 et
785 3090 884 3150 paene
904 3081 979 3135 nost

135 3158 193 3217 viri
214 3156 321 3216 ieieilit
336 3155 592 3231 quinquennium,
615 3173 683 3218 cum
699 3174 717 3217 a
732 3158 763 3219 G.
779 3158 870 3218 Atilio
892 3166 922 3220 et
937 3158 972 3232 Q.

136 3239 316 3300 oonsulibus
336 3246 397 3300 tam
409 3240 513 3314 facilis
528 3246 612 3301 esset
632 3257 781 3302 annorum
796 3241 942 3316 digestim
966 3259 979 3316 q

136 3324 193 3384 ieci
210 3339 270 3383 non
286 3329 320 3384 ut
334 3338 509 3399 arguerem,
527 3324 584 3384 sed
598 3340 638 3384 ne
652 3339 804 3400 arguerer.

104 3416 119 3466 1
217 3406 294 3466 le.
312 3407 379 3468 Non
392 3407 448 3469 fuit
458 3407 555 3469 maior
566 3406 597 3469 in
608 3407 778 3483 Caesarem,
796 3424 886 3485 quam
898 3409 929 3470 in
939 3409 979 3472 Po

125 3491 244 3559 fuerat.
264 3492 350 3572 regis
372 3507 542 3570 eorumque
564 3507 694 3567 quorum
708 3490 736 3552 is
752 3493 930 3556 auctoritate
944 3511 978 3556 re
