2370 3946
263 235 720 311 ursaonunnounmnn
741 243 785 297 ra
920 216 923 223 '
1000 234 1022 297 o

41 393 182 453 tissimus
195 392 289 451 seculi
302 391 358 463 sui,
373 391 425 465 qui
437 391 509 449 nibil
520 389 877 452 invitanisilaudandum
890 399 941 453 aut
952 393 1023 453 lecit

41 482 95 536 aut
106 475 184 535 dixit
193 491 230 533 ac
242 475 346 544 sensit,
363 489 454 547 quem
467 474 718 547 Paulo'genitum,
735 475 912 548 adoptatum
927 475 1021 536 aSci·

41 561 152 634 plone,
172 558 307 616 Africani
323 558 399 629 lilio,
421 556 570 630 diximus,
591 557 774 617 aedilitatem
791 566 898 631 petens
913 561 1022 621 consul

42 649 163 702 creatus
173 645 258 713 [est;]
272 641 382 700 bellum
391 640 561 715 Carthagini
574 641 631 700 iam
640 648 709 700 ante
721 641 875 702 biennium
885 659 903 702 a
915 644 1022 717 priori-

41 727 100 787 bus
114 724 294 784 consulibus
305 724 428 784 inlatum
436 725 588 784 maiorcvi
599 724 705 796 intulit,
719 741 786 784 cum
794 733 863 784 ante
875 725 1022 800 inHispa·

41 810 92 868 nia
108 808 221 867 murali.
236 822 358 880 corona,
377 808 406 866 in
418 807 523 867 Africa
540 806 723 869 obsidionali
735 808 867 869 donatus
879 817 977 884 esset,
991 811 1021 868 in

40 892 192 966 Hispania
202 907 275 950 vcro
288 889 378 950 etiam
390 906 428 949 ex
441 891 661 966 provocatione
676 892 744 965 ipse
758 892 898 952 modicus
913 893 1020 953 virium

43 975 184 1035 immanis
193 974 408 1049 magnitudinis
415 974 535 1034 hostem
547 975 767 1045 interemisset;
782 976 1024 1049 eamqucurbem
1036 986 1054 1040 4

41 1060 139 1132 magis
152 1058 265 1117 invidia
275 1056 384 1131 imperi
392 1074 482 1132 quam
493 1058 584 1118 ullius
593 1059 658 1118 eius
667 1058 812 1132 temporis
825 1058 936 1119 noxiae
946 1060 1021 1119 iovi-

42 1158 109 1202 sam
116 1143 255 1202 Romano
267 1141 381 1201 nomini
393 1141 528 1202 lunditus
542 1141 664 1202 sustulit
674 1142 805 1215 lecitque
817 1157 893 1202 suae
903 1143 1020 1203 virtutis

42 1227 269 1298 monimentum,
289 1225 373 1299 quod
390 1226 489 1286 lucrat
504 1225 555 1285 avi
573 1225 639 1284 eius
657 1227 845 1286 clementiae.
871 1226 1020 1301 Carthago
1035 1236 1051 1288 5

42 1307 1020 1385 dirutaestcumstetissetaonissexcentisseptuagintaduobus,

42 1393 152 1453 abhinc
161 1408 258 1452 annos
268 1399 387 1451 centum
396 1391 589 1467 septuaginta
599 1393 662 1464 tris,
671 1392 722 1451 Cn.
731 1393 870 1454 Cornelio
883 1394 1019 1467 Lentulo,

41 1477 73 1535 L.
84 1476 228 1535 Mummio
241 1476 430 1536 consulibus.
457 1477 546 1535 Hunc
559 1476 648 1534 linem
661 1475 766 1536 habuit
774 1477 902 1537 Romani
915 1477 1021 1551 imperi

45 1560 193 1634 Carthago
208 1555 335 1632 aemula,
352 1574 421 1618 cum
435 1575 496 1632 qua
507 1557 621 1617 bellare
635 1558 767 1618 maiores
781 1561 877 1619 nostri
889 1576 1021 1633 coepere

46 1644 170 1704 Claudio
179 1643 320 1702 etFulvio
329 1641 507 1700 consulibus
516 1646 690 1700 anteannos
698 1641 1022 1715 ducentosoonaginta

45 1727 132 1799 duos,
149 1741 241 1799 quam
252 1730 292 1798 tu,
306 1724 345 1783 Μ.
353 1723 463 1797 Vinici,
476 1725 666 1783 consulatum
679 1722 781 1784 inires·
802 1725 847 1782 lta
858 1740 913 1799 per
924 1740 1021 1784 annos
1036 1735 1053 1789 d

44 1806 1021 1882 ceutumetvigintiautbcllumintereospopulosautbelliprae·

43 1894 160 1968 paratio
169 1898 220 1951 aut
230 1891 324 1951 infida
332 1907 393 1964 pax
404 1890 714 1964 luitnequeseRoma
725 1891 1021 1953 iamterrarumorbe

43 1983 188 2051 superato
205 1989 343 2035 securam
355 1974 491 2049 speravit
505 1975 579 2046 lore,
598 1975 623 2034 si
640 1989 750 2036 nomen
765 1992 897 2050 usquam
913 1975 1021 2035 stantis

42 2066 178 2120 maneret
186 2058 387 2131 Carthaginis:
406 2057 484 2118 adeo
494 2059 597 2118 odium
608 2058 822 2119 certaminibus
835 2066 933 2120 ortum
944 2060 1023 2118 ultra

41 2150 154 2203 metum
166 2143 255 2203 durat
265 2142 472 2202 etneinvictis
482 2142 776 2216 quidemdeponitur
787 2140 1020 2216 nequeantein·

43 2227 141 2286 visum
150 2226 349 2298 essedesinit‚
362 2241 452 2300 quam
465 2225 641 2285 essedcsiit.
662 2227 741 2285 Ante
748 2227 918 2298 triennium,
931 2233 1051 2300 quami

45 2310 194 2383 Carthago
207 2309 366 2382 deleretur,
380 2308 420 2368 Μ.
434 2309 516 2377 Cato,
531 2318 698 2382 perpetuus
710 2309 878 2369 diruendae
889 2310 955 2370 eius
968 2325 1020 2368 au-

46 2402 120 2467 ctor,
136 2393 168 2451 L.
178 2392 355 2464 Censorino,
371 2391 419 2451 Μ’.
428 2391 551 2450 Manilio
565 2392 742 2452 consulibus
755 2401 882 2452 mortem
897 2393 979 2452 obiit.

125 2476 203 2536 Xlll.
245 2477 362 2535 Eodem
373 2490 464 2549 anno,
479 2489 541 2548 quo
555 2473 704 2548 Carthago
720 2475 862 2547 concidit,
877 2476 911 2534 L.
925 2476 1021 2535 Mum·
1037 2485 1052 2538 l

41 2559 303 2620 miuscorintlrum
319 2566 391 2633 post
401 2573 499 2618 annos
514 2565 686 2631 nongentos
699 2557 919 2633 quinquaginta
932 2559 1021 2632 duos,

43 2660 133 2718 quam
148 2643 293 2716 abAlete,
306 2641 451 2718 Hippotis
467 2641 540 2716 filio,
555 2649 621 2703 erat
635 2641 767 2715 condita,
783 2642 919 2702 funditus
935 2642 1021 2701 eruit.
1106 2642 1111 2647 “

40 2726 178 2801 Uterque
189 2725 354 2801 imperator
368 2725 508 2787 devictae
519 2743 538 2786 a
549 2741 584 2786 se
597 2725 697 2801 gentis
710 2725 833 2787 nominc
844 2726 1021 2800 honoratus,
1036 2735 1053 2787 2

41 2811 117 2871 alter
130 2809 311 2884 Africanus,
325 2811 401 2870 alter
416 2810 587 2884 appellatus
602 2811 836 2880 ostarbaldum
864 2826 921 2871 nec
938 2811 1021 2886 quis-

41 2910 133 2970 quam
154 2909 195 2952 ex
214 2895 303 2954 novis
321 2891 495 2954 hominibus
517 2892 602 2967 prior
615 2894 760 2955 Mummio
776 2911 946 2970 cognomen
960 2895 1021 2954 vlr-

40 2985 103 3039 tute
117 2983 239 3052 partum
253 2976 428 3037 vindicavit
459 2976 580 3036 Diversi
594 2976 831 3052 imperatoribus
846 2995 958 3050 mores,
981 2977 1053 3038 dia

41 3077 132 3121 versa
144 3062 230 3121 lucre
245 3060 362 3130 studia;
386 3060 501 3136 quippe
518 3059 623 3134 Scipio
637 3067 699 3121 tam
714 3063 838 3136 elegans
853 3060 1022 3120 liberalium

41 3144 213 3205 studiorum
228 3145 389 3218 omnisque
404 3145 561 3205 doctrinae
576 3151 607 3206 et
620 3152 772 3206 auctor-et
784 3145 948 3205 admirator
959 3143 1022 3216 luit,

40 3234 72 3289 ut
84 3227 249 3306 Polybium
268 3227 520 3302 Panaetiumque,
551 3230 762 3301 praecellentis
784 3226 906 3303 ingenio
928 3227 1022 3301 viros,

10 3380 13 3387 ¹
42 3311 123 3371 domi
138 3311 326 3386 militiaeque
340 3328 446 3373 secum
461 3311 616 3381 habuerit;
638 3328 742 3387 neque
757 3311 837 3373 enim
859 3312 1022 3388 quisquam

40 3393 100 3455 boc
116 3394 262 3471 Scipione
287 3397 455 3471 elegantius
484 3395 642 3456 intervalla
672 3398 864 3472 negotiorum
881 3396 942 3457 otio
959 3394 1021 3455 dis-

10 3516 12 3523 ·
42 3479 158 3552 punxit,
174 3491 358 3555 semperque
370 3485 421 3539 aut
431 3479 504 3539 belli
514 3487 566 3540 aut
577 3479 664 3555 pacis
679 3480 786 3540 serviit
796 3478 929 3550 artibusg
942 3493 1022 3538 sem·
