2370 3946
132 233 174 299 32
399 230 440 292 M.
466 232 604 321 VELLEI
623 231 839 293 PATERCULI

133 388 196 449 lum
210 386 381 444 Romanum
404 399 493 444 usum
513 382 669 444 dictatoris
683 391 716 443 ut
731 388 785 457 [in]
802 391 884 445 metu
904 384 1064 445 desideras

132 475 176 533 ita
190 473 222 529 in
234 471 291 529 otio
311 467 450 529 timuisse'
470 471 666 542 potestatem)
681 467 824 542 imperio,
851 485 913 543 quo
939 467 1061 542 priores

133 552 347 612 vindicandam
361 551 500 610 maximis
509 551 654 625 periculis
666 552 949 626 populilibertatem
963 552 1064 612 uslere

104 644 171 698 lteo
188 636 369 698 immodicae
384 635 570 695 crudelitatIs
592 634 714 695 licentia
733 650 810 695 usus
828 644 884 696 est.
919 634 1065 695 Primusi

134 727 164 781 et
177 721 291 780 utinam
304 719 441 790 ultimus,
457 718 630 792 exemplum
642 717 878 793 proscriptionis
889 719 1023 793 invenit,
1040 736 1064 780 u*

136 819 197 879 qua
218 801 338 864 civitate
359 802 523 877 petulantis
545 801 664 860 convici
685 802 830 862 iudicium
850 804 1064 864 butrionicxa

134 887 287 960 redditur,
303 886 334 945 in
347 901 385 944 ea
399 885 525 958 iugulati
541 884 616 944 civis
630 885 760 945 Romani
775 886 897 961 publice
912 887 1064 948 constitue

134 977 183 1031 tur
197 973 473 1041 auctoramentum,
495 968 719 1043 plurimumque
740 969 867 1029 haberet
888 969 941 1044 qui
964 971 1064 1044 plurin

134 1054 353 1124 interemisset,
370 1065 471 1124 neque
486 1051 581 1110 occisi
596 1051 693 1112 hostis
705 1068 797 1126 quam
809 1053 884 1112 ciuis
896 1052 1024 1114 uberius
1036 1056 1064 1114 lo

105 1138 123 1190 4
134 1137 304 1212 praemium
317 1136 466 1208 fieretque
479 1134 740 1210 quisque'mcrccs
750 1135 856 1196 mortis
869 1151 953 1196 suae.
972 1136 1064 1198 Necb

133 1228 196 1282 tum
211 1221 241 1279 in
256 1235 313 1279 eos
329 1219 381 1293 qui
396 1223 502 1277 contra
513 1233 597 1277 arma
610 1218 754 1293 tulerant,
763 1221 828 1279 *sed
841 1221 872 1280 in
883 1222 995 1279 mullos
1009 1221 1064 1282 ins<

93 1354 97 1361 .
134 1306 172 1364 tis
184 1304 348 1371 saevitum;
361 1302 513 1361 adiectum
525 1301 623 1375 etiam,
638 1308 671 1361 ut
681 1303 762 1363 bona
774 1302 1018 1377 proscriptorum
1030 1321 1064 1364 vc

133 1395 203 1448 rent
216 1386 397 1459 exclusique
413 1385 547 1459 paternis
563 1385 674 1459 opibus
691 1386 777 1446 liberi
799 1385 892 1446 etiam
911 1389 1064 1462 petendor

134 1470 285 1530 honorum
307 1469 373 1528 iure
391 1468 626 1543 prohiberentur
640 1468 805 1545 simulque,
833 1472 917 1545 quod
936 1471 1064 1545 indignis

134 1570 215 1613 mum
230 1559 294 1626 est,
317 1559 492 1612 senatorum
512 1552 564 1611 filii
584 1559 614 1613 ct
629 1569 723 1614 onera
745 1552 860 1614 ordinis
881 1553 1064 1616 sustinerent

134 1639 201 1698 iura
216 1637 389 1711 perderent.
725 1697 727 1701 .

110 1733 125 1783 1
218 1721 322 1781 XXIX.
366 1719 429 1780 Sub
444 1720 607 1780 adventum
621 1721 652 1779 in
664 1721 778 1781 Italiam
793 1722 825 1781 L.
840 1720 942 1781 Sullae
958 1722 1011 1781 Cn.
1023 1723 1064 1782 Po

134 1807 238 1880 peiuS,
264 1804 330 1862 eius
346 1803 398 1862 Cn.
413 1803 539 1877 Pompei
560 1803 656 1877 lilius,
683 1820 774 1877 quem
793 1804 1064 1878 magnificentissin

134 1903 185 1946 res
200 1885 231 1945 in
246 1885 407 1945 consulatu
422 1887 560 1958 gessisse
575 1886 654 1944 bello
670 1886 803 1946 Marsico
819 1887 1046 1963 praediximus,

134 1970 209 2046 ginti
224 1969 277 2030 tris
293 1983 391 2028 annos
407 1974 510 2041 natus,
532 1966 642 2025 abhinc
657 1984 755 2026 annos
777 1977 897 2029 centum
912 1975 941 2026 et
954 1973 1064 2031 tredec

135 2052 262 2130 privatis
276 2059 311 2112 ut
325 2051 437 2126 opibus
452 2050 493 2110 ita
507 2049 642 2109 consiliis
652 2065 762 2124 magna
776 2066 871 2110 ausus
887 2052 1064 2123 magnifice<

135 2143 246 2198 conata
260 2142 423 2206 executus,
439 2133 479 2193 ad
494 2132 706 2192 vindicandam
718 2133 997 2209 restituendamquc
1014 2138 1064 2212 dig

134 2226 225 2280 tatem
240 2218 357 2293 patriae
378 2217 498 2277 firmum
522 2232 561 2275 ex
581 2231 655 2290 agro
670 2215 782 2278 Piceno
799 2219 850 2293 qui
870 2223 951 2278 totus
973 2227 1064 2294 pater

134 2305 201 2364 eius
224 2300 371 2361 clientelis
390 2302 521 2361 refertus
541 2307 619 2373 crat,
644 2303 793 2362 contraxit
814 2303 997 2372 exercitum,
1023 2319 1064 2364 cu

133 2385 190 2446 viri
216 2386 391 2461 magnitudo
416 2385 578 2446 multorum
597 2385 784 2446 voluminum
803 2386 899 2447 instar
919 2386 1025 2459 exigit,
1053 2405 1064 2447 s

106 2470 239 2545 aoperis
253 2471 365 2532 modus
381 2469 489 2545 paucis
510 2485 579 2529 eum
595 2471 711 2529 narrari
725 2470 816 2530 iubet.
850 2469 918 2529 Fuit
928 2468 978 2530 hic
988 2471 1064 2544 genit

133 2561 229 2616 nratre
243 2553 372 2628 Lucilia,
388 2553 492 2628 stirpis
508 2554 695 2625 senatoriae,
713 2554 810 2612 lorma
825 2553 979 2613 excellens
995 2569 1058 2613 non

134 2655 196 2713 qua
210 2637 270 2698 llos
289 2638 519 2698 commendatur
533 2636 657 2706 aetatis,
682 2637 739 2695 sed
754 2652 791 2695 ea
806 2635 951 2712 dignitate
966 2644 1064 2696 consta

132 2723 235 2794 tiaque
244 2736 323 2795 quae
330 2720 447 2780 inillam
455 2719 641 2778 conveniens
657 2721 884 2794 amplitudinem
896 2722 1064 2794 fortunamq

134 2804 255 2864 eumad
269 2803 405 2863 ultimum
421 2801 499 2862 vitae
515 2801 656 2882 comitata
671 2810 717 2863 est
732 2804 827 2879 diem,
850 2804 1024 2866 innocentia
1045 2822 1062 2861 e

133 2887 226 2963 mius,
250 2887 408 2948 sanctitate
427 2887 626 2963 praecipuus,
649 2890 822 2961 eloquentia
844 2889 980 2962 medius,
1001 2895 1064 2962 potr

132 2970 192 3032 tiae
208 2986 288 3046 quac
303 2971 428 3031 honoris
444 2986 539 3030 causa
553 2972 593 3030 ad
607 2985 676 3030 eum
691 2973 876 3043 delerretur,
892 2989 953 3034 non
970 2973 1000 3032 vi
1015 2970 1053 3030 ab

132 3062 336 3130 occuparetur
350 3052 585 3128 cupidissimus,
607 3054 671 3115 dux
690 3055 770 3116 bello
792 3055 1009 3130 peritissimus,
1032 3053 1064 3112 ci*

131 3139 162 3197 in
176 3146 248 3213 toga
263 3137 322 3198 nisi
337 3138 389 3196 ubi
410 3145 577 3210 vereretur,
601 3153 640 3197 nc
656 3155 747 3214 quern
768 3139 895 3199 haberet
908 3153 1028 3213 parem,
1044 3154 1064 3196 u

133 3221 341 3294 destissimus‚
357 3219 554 3281 amicitiarum
568 3230 676 3297 tenax,
691 3221 721 3281 in
738 3221 866 3282 offensis
881 3221 1063 3295 exorabilis,

130 3305 358 3364 reconcilianda
377 3304 473 3379 gratia
492 3305 706 3379 fidelissimus,
728 3306 758 3364 in
784 3305 964 3381 accipienda
985 3305 1061 3364 satis

132 3387 231 3448 ctione
246 3388 414 3461 facillimus,
432 3390 565 3463 potentia
579 3405 637 3449 sua
650 3404 807 3462 nunquam
820 3395 873 3449 aut
886 3388 1064 3462 raroadimp

130 3470 255 3532 tentiam
264 3487 349 3548 usus,
363 3487 462 3547 paene
470 3472 752 3535 omniumvitiorum
765 3487 889 3547 expers,
897 3472 955 3532 nisi
967 3487 1064 3532 numer
