2370 3946
268 234 478 297 HISTORIAE
496 238 688 299 ROMANAE
708 241 749 315 11,
772 250 798 302 5.
813 250 840 304 6·
971 189 973 194 Ι
1003 240 1044 309 17

60 388 166 462 capite
185 387 296 446 elatum
318 395 380 459 est,
403 388 489 448 cuius
509 404 604 463 opera
616 405 710 463 super
724 397 818 451 totum
835 399 980 453 terrarum
995 411 1043 456 or·

29 470 33 479 '
59 469 134 530 bem
148 470 246 529 Roma
267 472 417 530 extulerat
437 478 537 545 caput.
567 470 629 531 Seu
650 473 785 546 fatalem,
806 482 839 535 ut
851 477 971 551 plures,
985 494 1043 540 seu

60 552 230 614 conflatam
244 550 378 626 insidiis,
398 561 431 614 ut
448 554 541 629 aliqui
554 555 717 630 prodidere
730 559 902 632 memoriae,
915 555 1043 623 mortem

63 637 156 709 obiit,
176 635 267 694 vitam
287 643 368 695 certe
389 636 599 710 dignissimam
620 639 697 712 egit,
727 655 807 713 quae
827 642 939 702 nullius
951 645 991 704 ad
1010 645 1042 704 id

61 719 213 794 temporis
228 725 443 793 praeterquam
460 721 541 780 avito
556 722 675 794 fulgore
696 722 876 783 vinceretur.
902 726 1072 793 Decessit?

63 817 148 870 anno
168 803 263 861 ferme
284 802 537 877 quinquagesimo
559 812 663 875 sexto,
688 806 726 864 de
742 822 803 880 quo
819 807 846 865 si
862 807 931 881 quis
947 809 1040 870 ambi-

62 893 124 960 get,
140 892 277 945 recurrat
289 885 329 943 ad
342 886 476 959 priorem
487 889 678 947 consulatum
689 888 765 962 eius,
780 889 811 948 in
819 904 909 965 quem
921 900 1040 954 creatus

63 976 115 1029 est
128 983 209 1028 anno
224 967 379 1030 tricesimo
394 976 518 1040 octavo;
535 971 576 1028 ita
590 970 728 1030 dubitare
743 972 870 1032 desinet.

149 1053 189 1110 V.
231 1052 312 1110 Ante
333 1058 453 1126 tempus
483 1052 607 1112 excisae
626 1053 805 1115 Numantiae
826 1057 984 1130 praeclara
1012 1057 1071 1119 inl

61 1134 215 1210 Hispania
228 1135 333 1194 militia
346 1135 381 1194 D.
396 1135 480 1194 Bruti
495 1137 559 1209 fuit,
582 1137 634 1210 qui
649 1140 813 1211 penetratis
836 1139 976 1200 omnibus
989 1139 1041 1200 Hi·

64 1218 197 1293 spaniae
210 1217 366 1292 gentibus,
389 1218 504 1293 ingenti
517 1220 548 1278 vi
562 1220 717 1280 hominum
731 1222 912 1298 urbiumque
927 1223 1046 1297 potitus·

63 1316 209 1372 numero,
225 1301 314 1361 aditis
330 1318 409 1377 quae
424 1302 475 1361 vix
489 1303 593 1362 audita
607 1311 700 1378 erant,
723 1305 856 1366 Galiaeei
871 1322 1040 1380 cognomen
1100 1358 1108 1369 ,.
1150 1324 1175 1389 Q>

62 1384 200 1487 meruit!
217 1384 255 1444 Et
272 1393 342 1444 ante
364 1401 432 1445 eum
447 1387 554 1458 paucis
570 1387 657 1447 annis
678 1396 736 1448 tam
756 1404 896 1449 severum
910 1390 990 1452 illius
1006 1390 1038 1465 Ω.
1056 1376 1073 1450 ᾗ

62 1467 257 1528 Macedonici
271 1467 302 1526 in
317 1467 364 1526 his
379 1469 520 1542 gentibus
536 1470 695 1544 imperium
715 1472 783 1544 tuit,
805 1480 838 1533 ut
853 1489 919 1534 cum
935 1472 1040 1534 urbenr

63 1551 257 1612 Contrebiam
273 1552 395 1610 nomine
409 1552 438 1610 in
455 1552 601 1625 Hispania
615 1562 814 1628 oppugnaret,
831 1555 936 1629 pulsas
951 1573 1039 1630 prae

63 1634 149 1710 cipiti
169 1636 238 1694 loco
260 1635 395 1708 quinque
415 1633 549 1695 cohortis
569 1635 752 1709 legionarias
773 1638 882 1697 eodem
902 1639 1039 1710 protinus

62 1719 170 1778 subire
190 1716 322 1788 iuberet,
344 1717 588 1791 facientibusque
606 1719 745 1779 omnibus
766 1719 797 1777 in
816 1728 976 1793 procinctu
997 1727 1039 1780 te·

62 1804 228 1873 stamenta,
246 1801 328 1860 velut
341 1801 381 1860 ad
393 1808 505 1860 certam
520 1806 648 1860 mortem
659 1802 793 1862 eundum
804 1803 897 1875 foret,
913 1819 974 1862 non
986 1804 1038 1862 de-

60 1882 186 1944 territus
200 1882 360 1958 proposito
376 1885 617 1956 [perseverantia
633 1883 741 1958 ducis],
758 1902 846 1960 quem
862 1886 1039 1947 moriturum

61 1967 188 2027 miserat
208 1966 330 2026 militem
350 1965 496 2026 victorem
514 1968 645 2042 recepit:
667 1975 780 2028 tantum
802 1968 903 2028 effecit
927 1970 1038 2030 mixtus

60 2050 163 2111 timori
178 2050 279 2124 pudor
300 2065 436 2124 spesque
450 2051 664 2125 desperatione
680 2054 826 2126 quaesita.
858 2050 915 2110 Hic
931 2053 1039 2113 virtute

60 2149 100 2193 ac
122 2132 284 2192 severitate
306 2132 391 2206 sacti,
414 2141 444 2193 at
456 2133 569 2194 Fabius
583 2133 771 2195 Aemilianus
791 2135 876 2195 Pauli
897 2136 1038 2210 exemplo

10 2260 13 2265 -
61 2215 245 2290 disciplinae
259 2216 290 2274 in
304 2216 452 2290 Hispania
468 2217 524 2277 fuit
538 2216 734 2280 clarissimus.
784 2248 788 2257 =
1040 2240 1061 2247 ··
1089 2242 1096 2249 ··
1156 2282 1159 2287 ,

147 2300 200 2359 Vl.
243 2300 356 2359 Decem
371 2299 482 2360 deinde
496 2299 685 2374 interpositis
700 2302 802 2376 annis,
819 2301 871 2375 qui
884 2300 927 2361 Ti.
944 2303 1038 2363 Grac·
1054 2310 1069 2360 1

10 2412 18 2429 ·
61 2383 164 2453 chum,
177 2382 258 2441 idem
269 2381 376 2442 Gaium
388 2383 509 2442 fratrem
521 2383 586 2442 eius
599 2383 760 2457 occupavit
771 2385 863 2456 furor,
875 2391 934 2443 tam
947 2385 1038 2446 virtu·

61 2467 144 2527 tibus
156 2465 223 2525 eius
231 2465 380 2541 omnibus,
389 2482 480 2540 quam
491 2465 663 2525 huiccrrori
674 2464 940 2538 similem,ingenio
948 2468 1037 2528 etiam

11 2606 13 2613 .
62 2547 301 2624 eloquentiaque
324 2550 415 2623 longe
440 2549 700 2624 praestantiorem.
745 2547 895 2622 Quicum
921 2562 1069 2611 summat

11 2652 13 2703 ;
63 2632 167 2708 quiete
181 2630 274 2692 animi
288 2632 418 2693 civitatis
434 2633 579 2708 princeps
594 2647 665 2691 esse
681 2637 804 2706 posset,
820 2632 867 2690 vel
883 2629 1036 2692 vindican-

62 2715 121 2776 dae
144 2716 296 2776 fraternae
321 2714 426 2776 mortis
451 2717 548 2790 gratia
572 2717 620 2775 vel
647 2714 902 2790 praemuniendae
925 2717 1037 2790 regatis

60 2797 218 2874 potentiae
239 2799 376 2859 ciusdem
397 2801 528 2874 exempti
549 2799 730 2860 tribunatum
749 2799 921 2873 ingressus,
946 2800 1037 2874 longe

59 2881 179 2943 maiora
194 2887 224 2941 et
237 2883 357 2942 acriora
371 2890 529 2957 repetens,
552 2883 644 2942 dabat
658 2881 810 2942 civitatem
824 2882 965 2942 omnibus
979 2884 1036 2942 lta·

11 3026 13 3031 ,
59 2966 138 3035 licis,
155 2966 340 3025 extendebat
350 2980 417 3024 eam
428 2980 527 3039 paene
540 2982 642 3040 usque
655 2966 753 3041 Alpis,
770 2964 924 3023 dividebat
935 2981 1036 3039 agroS,

11 3100 14 3105 .
58 3048 185 3109 vetabat
204 3064 389 3124 quemquam
411 3048 508 3107 civem
526 3051 594 3122 plus
617 3048 788 3124 quingentis
809 3046 963 3121 iugeribus
984 3047 1037 3108 ha·
1096 3079 1101 3086 ·

11 3152 14 3211 ξ
59 3132 144 3204 bere,
162 3132 246 3205 quod
258 3132 421 3205 aliquando
437 3133 504 3205 lege
515 3132 630 3191 Licinia
646 3139 765 3192 cautum
780 3136 853 3203 erat,
870 3145 949 3189 nova
964 3145 1036 3191 con·

11 3232 15 3285 r
58 3213 205 3275 stituebat
218 3213 367 3289 portoria,
386 3213 474 3274 novis
491 3216 618 3274 coloniis
633 3216 771 3290 replebat
785 3212 972 3288 provincias,
992 3213 1036 3273 iu-

11 3340 15 3369 ;
59 3296 142 3358 dicia
156 3312 176 3357 a
191 3305 299 3358 senatu
314 3298 515 3358 transferebat
535 3298 574 3356 ad
595 3299 729 3371 equites,
751 3299 932 3357 frumentum
954 3297 1037 3372 plebi

59 3380 126 3440 dari
148 3379 331 3453 instituerat,
353 3381 426 3440 nihil
447 3381 614 3453 immotum,
640 3380 712 3439 nihil
734 3379 941 3455 tranquillum,
964 3379 1035 3438 nihil

59 3465 212 3538 quietum,
233 3465 309 3524 nibil
322 3463 455 3538 denique
470 3465 499 3523 in
514 3465 623 3527 eodem
638 3468 719 3523 statu
732 3463 937 3538 relinquebam
962 3463 1035 3538 quin

101 3547 226 3607 Vmst.
241 3546 368 3606 Pnrsnc.
858 3555 885 3606 ‘t
