2340 3946
218 194 261 258 lb
487 191 527 250 Μ.
548 189 690 250 vtt-Ltnl
711 190 927 251 PATERCULl

218 362 281 407 non
295 345 365 419 plus
384 357 476 418 quam
491 343 595 415 semel,
612 347 643 401 et
656 341 715 402 hoc
730 357 805 401 sane
820 342 944 402 nimium
959 344 1029 417 fuit,
1045 360 1078 404 us

185 442 202 492 a
217 428 368 489 sustinuit.
394 425 492 486 Huius
508 425 564 485 viri
579 425 733 499 fastigium
747 424 837 486 tanus
852 426 992 487 auctibus
1008 429 1078 487 forti

216 511 298 586 tulit,
320 517 353 571 ut
367 508 497 586 primum
517 525 556 568 ex
569 509 689 580 Africa,
712 509 820 569 iterum
839 525 879 568 ex
891 511 1031 585 Europa,
1056 520 1078 572 tc

217 594 294 656 Asia
306 592 519 670 triumpharet,
535 599 565 652 et
581 598 655 668 quot
669 599 773 668 parles
787 600 934 654 terrarum
951 596 1034 655 orbis
1051 613 1078 656 sl

184 680 307 744 itidem
324 679 439 738 faceret
458 683 655 739 monumenta
674 677 819 737 victoriae
833 693 918 737 suae.
945 678 1078 754 Nunqua

218 763 319 824 nentia
340 761 454 822 invidia
469 766 586 821 carent:
609 760 712 835 itaqua
733 767 764 821 ct
777 761 936 834 Lucullus,
959 778 1078 822 memor

218 853 364 922 acceptae
379 846 522 919 iniuriae,
544 851 574 903 et
587 842 726 904 Metellus
742 844 890 916 Creticus,
913 861 974 905 non
995 847 1074 905 inlus

217 947 302 1006 rens,
323 930 454 1006 (quippe
469 936 678 990 ornamentum
698 927 842 1003 triumphi
862 928 929 989 eius
945 932 1078 1004 captivos

215 1015 381 1091 Pompeius
397 1012 599 1082 subduxerat)
614 1017 644 1072 et
659 1026 727 1071 cum
747 1011 785 1071 ils
806 1028 879 1087 pars
896 1011 1078 1089 optimatiun

217 1100 360 1174 gebatur,
380 1113 420 1158 ne
434 1103 486 1157 aut
500 1095 652 1170 promissa
667 1095 838 1155 civitatibus
853 1113 871 1155 a
884 1096 1029 1172 Pompeio
1047 1115 1078 1157 ar

216 1183 332 1244 meritis
346 1180 482 1257 praemia
497 1180 536 1239 ad
552 1178 705 1239 arbitrium
721 1179 787 1240 elus
803 1182 1062 1254 persolverentur.

185 1276 200 1328 1
297 1266 371 1327 XLl.
394 1263 524 1325 Secutus
541 1262 651 1322 deinde
667 1270 715 1323 est
730 1265 907 1324 consulatus
924 1265 954 1324 C.
971 1265 1078 1324 Caesar

217 1348 362 1410 scribenti
383 1363 505 1408 manum
530 1345 625 1407 iniioit
649 1353 678 1407 ct
700 1347 864 1423 quamlibet
888 1349 1078 1408 festinantem

184 1430 325 1494 nmorari
343 1431 433 1506 cogit.
461 1431 517 1491 Hic
532 1429 722 1492 nobilissima
735 1431 878 1492 Iuliorum
893 1432 1013 1507 genitus
1029 1434 1078 1491 fan

219 1516 303 1591 quod
316 1514 507 1572 monumentis
526 1512 744 1588 antiquissimis
761 1517 939 1590 constabat,
954 1517 992 1575 ab
1008 1518 1075 1575 Ano

216 1603 339 1660 Venere
354 1600 512 1661 deducens
527 1615 639 1675 genus,
655 1600 753 1660 forma
768 1600 903 1661 omnium
917 1601 1027 1659 civium
1044 1617 1078 1659 ex

217 1683 369 1758 tissimus,
386 1684 492 1760 vigore
507 1683 598 1743 animi
613 1683 789 1758 acerrimus,
805 1684 1029 1743 munificentiae
1045 1683 1078 1742 ef

217 1785 295 1842 mus,
310 1768 411 1829 animo
428 1783 522 1841 super
536 1767 700 1827 humanam
711 1774 741 1826 et
754 1775 892 1827 naturam
907 1775 937 1828 et
952 1768 1043 1826 iidem
1059 1785 1076 1827 e

217 1851 426 1926 magnitudine
448 1850 681 1924 cogitationum,
704 1850 856 1911 celeritate
879 1850 1026 1923 bellandi,
1050 1868 1078 1925 pt

216 1933 423 2010 periculorum
437 1932 549 2008 Magno
565 1933 607 1993 illi
622 1933 800 1992 Alexandro
816 1935 873 1994 sed
888 1933 993 1994 sobrio
1016 1951 1076 2009 neq

217 2019 319 2080 cundo
340 2016 525 2089 simillimus,
547 2016 599 2092 qui
620 2015 753 2091 denique
774 2033 896 2092 semper
914 2025 944 2078 et
958 2035 1067 2078 somno

217 2103 246 2162 in
261 2100 368 2175 vitam,
387 2117 450 2161 non
465 2101 495 2160 in
510 2101 697 2175 voluptatem
712 2106 861 2175 uteretur,
878 2117 947 2162 cum
962 2103 1071 2162 fuisset

216 2186 262 2246 rio
284 2183 433 2259 sanguine
454 2183 721 2244 coniunctissimus
742 2191 835 2261 atque
856 2186 938 2245 idem
959 2187 1071 2246 Cinnae

218 2268 304 2330 cuius
316 2268 408 2328 filiam
419 2274 453 2329 ut
465 2266 643 2342 repudiaret
657 2267 739 2328 nullo
754 2276 837 2328 metu
848 2268 990 2344 compelli
1002 2276 1076 2343 polu

216 2352 256 2412 M.
270 2349 341 2411 Piso
357 2351 529 2412 consularis
544 2350 677 2412 Anniam
699 2368 779 2427 quae
794 2352 906 2413 cinnae
927 2368 1006 2414 uxor
1027 2353 1077 2412 fue

217 2434 321 2497 Sullae
335 2434 503 2497 dimisisset
515 2436 651 2511 gratiam,
667 2435 889 2511 habuissetque
904 2438 969 2497 fere
984 2437 1078 2496 duodl

216 2535 315 2580 annos
336 2534 373 2580 eo
395 2526 549 2596 tempore,
572 2536 633 2594 quo
651 2517 734 2580 Sulla
753 2535 853 2580 rerum
877 2522 991 2595 potitus
1013 2527 1075 2593 est,

215 2602 359 2666 ministris
375 2602 479 2664 Sullae
498 2602 752 2677 adiutoribusque
773 2604 902 2677 partium
924 2621 1015 2680 quam
1036 2603 1078 2678 ipa

217 2687 405 2763 quirentibus
426 2687 550 2746 eumad
570 2701 692 2758 necem,
712 2693 825 2746 routma
844 2694 930 2749 veste
952 2687 1078 2748 dissimil

216 2773 356 2830 fortunae
370 2783 445 2829 suae
459 2768 583 2830 indutus
599 2769 733 2828 habitum
748 2778 838 2830 nocte
852 2771 928 2831 urbe
942 2774 1068 2847 elapsus

186 2862 200 2915 1
296 2851 384 2912 XLII.
415 2852 498 2912 idem
519 2859 630 2928 postea
649 2852 815 2914 admodum
835 2853 955 2916 iuvenis
971 2872 1074 2916 cuma

217 2945 325 3013 captus
340 2943 438 3010 esset,
458 2935 499 2997 ita
519 2951 555 2996 sa
576 2952 632 3011 per
647 2951 737 2995 omne
753 2938 884 3012 spatium
901 2956 961 3014 quo
978 2939 1016 2998 ab
1031 2938 1078 3000 his

215 3029 265 3083 tus
280 3026 335 3094 est,
351 3020 434 3096 apud
451 3035 506 3080 eos
522 3019 627 3094 gessit,
642 3026 676 3080 ut
688 3019 803 3095 pariter
818 3021 854 3080 iis
869 3022 977 3083 terrori
992 3038 1078 3081 vener

217 3121 278 3181 que
288 3110 372 3166 osset
386 3119 487 3179 neque
501 3119 637 3179 unquam
647 3111 699 3164 aut
713 3110 802 3166 nocte
814 3113 865 3166 aut
876 3104 925 3165 die
936 3111 1005 3180 (eur
1019 3106 1078 3165 enir

215 3190 265 3248 vel
280 3188 444 3249 maximum
460 3194 522 3261 est,
545 3187 572 3248 si
586 3186 703 3248 narrari
719 3188 821 3249 verbis
836 3188 987 3263 speciosis
1004 3205 1066 3249 non

217 3273 402 3345 omittaturt)
413 3277 465 3331 aut
476 3273 705 3333 excalcearetur
716 3279 769 3333 aut
780 3270 1011 3345 discingerctur,
1024 3273 1054 3332 in
1066 3272 1078 3330 l

214 3354 286 3418 licet
298 3370 346 3430 ne,
362 3352 524 3430 siquando
540 3353 655 3431 aliquid
666 3372 706 3416 ex
716 3355 806 3416 solito
818 3354 956 3428 variaret,
971 3370 1078 3430 suspet

183 3445 201 3499 t
215 3439 269 3516 qui
284 3436 382 3502 oculis
396 3440 605 3502 tantummodo
617 3456 687 3502 eum
699 3437 927 3514 custodiebant,
944 3440 1030 3498 foret.
1057 3436 1078 3496 t
