<?xml version="1.0" encoding="UTF-8"?>
<!DOCTYPE html PUBLIC "-//W3C//DTD XHTML 1.0 Transitional//EN"
    "http://www.w3.org/TR/xhtml1/DTD/xhtml1-transitional.dtd">
<html xmlns="http://www.w3.org/1999/xhtml" xml:lang="en" lang="en">
 <head>
  <title>
</title>
<meta http-equiv="Content-Type" content="text/html;charset=utf-8" />
  <meta name='ocr-system' content='tesseract 3.04.00' />
  <meta name='ocr-capabilities' content='ocr_page ocr_carea ocr_par ocr_line ocrx_word'/>
</head>
<body>
  <div class='ocr_page' id='page_1' title='image "./mvelleipatercul00pategoog_0037.png"; bbox 0 0 2370 3946; ppageno 0'>
   <div class='ocr_carea' id='block_1_1' title="bbox 172 223 877 290">
    <p class='ocr_par' dir='ltr' id='par_1_1' title="bbox 172 223 877 290">
     <span class='ocr_line' id='line_1_1' title="bbox 172 223 877 290; baseline -0.009 0"><span class='ocrx_word' id='word_1_1' title='bbox 172 223 213 290; x_wconf 83' lang='grc'><strong>18</strong></span> <span class='ocrx_word' id='word_1_2' title='bbox 439 224 479 283; x_wconf 90' lang='grc' dir='ltr'><strong>Μ.</strong></span> <span class='ocrx_word' id='word_1_3' title='bbox 500 224 642 285; x_wconf 74' lang='lat' dir='ltr'><strong>veltet</strong></span> <span class='ocrx_word' id='word_1_4' title='bbox 662 225 877 286; x_wconf 86' lang='lat' dir='ltr'><strong>PATERCULI</strong></span> 
     </span>
    </p>
   </div>
   <div class='ocr_carea' id='block_1_2' title="bbox 52 375 1181 3521">
    <p class='ocr_par' dir='ltr' id='par_1_2' title="bbox 139 375 1145 781">
     <span class='ocr_line' id='line_1_2' title="bbox 139 375 1145 452; baseline 0.001 -13"><span class='ocrx_word' id='word_1_5' title='bbox 139 381 298 446; x_wconf 77' lang='lat' dir='ltr'><strong>salterum</strong></span> <span class='ocrx_word' id='word_1_6' title='bbox 318 376 408 436; x_wconf 84' lang='lat' dir='ltr'><strong>etiam</strong></span> <span class='ocrx_word' id='word_1_7' title='bbox 429 375 615 437; x_wconf 77' lang='lat' dir='ltr'>continuavit</span> <span class='ocrx_word' id='word_1_8' title='bbox 634 377 826 436; x_wconf 88' lang='lat' dir='ltr'><strong>tribunatum.</strong></span> <span class='ocrx_word' id='word_1_9' title='bbox 858 375 945 436; x_wconf 89' lang='lat' dir='ltr'><strong>Hunc</strong></span> <span class='ocrx_word' id='word_1_10' title='bbox 958 375 992 435; x_wconf 89' lang='lat' dir='ltr'><strong>L.</strong></span> <span class='ocrx_word' id='word_1_11' title='bbox 1008 376 1145 452; x_wconf 85' lang='lat' dir='ltr'><strong>Opimius</strong></span> 
     </span>
     <span class='ocr_line' id='line_1_3' title="bbox 172 458 1145 535; baseline 0.002 -14"><span class='ocrx_word' id='word_1_12' title='bbox 172 462 291 533; x_wconf 90' lang='lat' dir='ltr'><strong>consul,</strong></span> <span class='ocrx_word' id='word_1_13' title='bbox 308 458 360 534; x_wconf 92' lang='lat' dir='ltr'><strong>qui</strong></span> <span class='ocrx_word' id='word_1_14' title='bbox 374 467 497 535; x_wconf 89' lang='lat' dir='ltr'><strong>praetor</strong></span> <span class='ocrx_word' id='word_1_15' title='bbox 506 459 660 534; x_wconf 87' lang='lat' dir='ltr'><strong>Fregellas</strong></span> <span class='ocrx_word' id='word_1_16' title='bbox 675 460 840 532; x_wconf 82' lang='lat' dir='ltr'>exciderat,</span> <span class='ocrx_word' id='word_1_17' title='bbox 856 467 1038 533; x_wconf 88' lang='lat' dir='ltr'><strong>persecutus</strong></span> <span class='ocrx_word' id='word_1_18' title='bbox 1054 462 1145 523; x_wconf 90' lang='lat' dir='ltr'><strong>armis</strong></span> 
     </span>
     <span class='ocr_line' id='line_1_4' title="bbox 171 541 1144 619; baseline 0.002 -15"><span class='ocrx_word' id='word_1_19' title='bbox 171 558 295 618; x_wconf 90' lang='lat' dir='ltr'><strong>unaque</strong></span> <span class='ocrx_word' id='word_1_20' title='bbox 318 541 457 603; x_wconf 88' lang='lat' dir='ltr'><strong>Fulvium</strong></span> <span class='ocrx_word' id='word_1_21' title='bbox 475 545 630 616; x_wconf 80' lang='lat' dir='ltr'><strong>Flaccum,</strong></span> <span class='ocrx_word' id='word_1_22' title='bbox 657 543 848 602; x_wconf 80' lang='lat' dir='ltr'><strong>consularem</strong></span> <span class='ocrx_word' id='word_1_23' title='bbox 872 557 909 600; x_wconf 92' lang='lat' dir='ltr'><strong>ac</strong></span> <span class='ocrx_word' id='word_1_24' title='bbox 934 543 1144 619; x_wconf 80' lang='lat' dir='ltr'>triumphalem</span> 
     </span>
     <span class='ocr_line' id='line_1_5' title="bbox 171 624 1144 703; baseline 0.004 -18"><span class='ocrx_word' id='word_1_25' title='bbox 171 627 284 698; x_wconf 91' lang='lat' dir='ltr'><strong>virum,</strong></span> <span class='ocrx_word' id='word_1_26' title='bbox 300 642 399 701; x_wconf 89' lang='lat' dir='ltr'><strong>aeque</strong></span> <span class='ocrx_word' id='word_1_27' title='bbox 413 643 509 703; x_wconf 91' lang='lat' dir='ltr'><strong>prava</strong></span> <span class='ocrx_word' id='word_1_28' title='bbox 524 625 709 700; x_wconf 91' lang='lat' dir='ltr'><strong>cupientem,</strong></span> <span class='ocrx_word' id='word_1_29' title='bbox 731 640 822 698; x_wconf 93' lang='lat' dir='ltr'><strong>quem</strong></span> <span class='ocrx_word' id='word_1_30' title='bbox 836 625 867 688; x_wconf 84' lang='lat' dir='ltr'><strong>C.</strong></span> <span class='ocrx_word' id='word_1_31' title='bbox 885 624 1042 686; x_wconf 86' lang='lat' dir='ltr'><strong>Gracchus</strong></span> <span class='ocrx_word' id='word_1_32' title='bbox 1057 627 1088 687; x_wconf 92' lang='lat' dir='ltr'><strong>in</strong></span> <span class='ocrx_word' id='word_1_33' title='bbox 1102 629 1144 689; x_wconf 88' lang='lat' dir='ltr'><strong>lo·</strong></span> 
     </span>
     <span class='ocr_line' id='line_1_6' title="bbox 172 708 1143 781; baseline 0.004 -13"><span class='ocrx_word' id='word_1_34' title='bbox 172 725 242 769; x_wconf 92' lang='lat' dir='ltr'><strong>cum</strong></span> <span class='ocrx_word' id='word_1_35' title='bbox 254 709 354 770; x_wconf 86' lang='lat' dir='ltr'>Tiberi</span> <span class='ocrx_word' id='word_1_36' title='bbox 371 710 471 770; x_wconf 79' lang='lat' dir='ltr'><strong>fratris</strong></span> <span class='ocrx_word' id='word_1_37' title='bbox 486 708 674 770; x_wconf 89' lang='lat' dir='ltr'><strong>triumvirum</strong></span> <span class='ocrx_word' id='word_1_38' title='bbox 694 708 829 781; x_wconf 90' lang='lat' dir='ltr'><strong>nomine,</strong></span> <span class='ocrx_word' id='word_1_39' title='bbox 850 723 884 766; x_wconf 89' lang='lat' dir='ltr'><strong>re</strong></span> <span class='ocrx_word' id='word_1_40' title='bbox 904 715 1005 768; x_wconf 88' lang='lat' dir='ltr'><strong>autem</strong></span> <span class='ocrx_word' id='word_1_41' title='bbox 1026 711 1143 772; x_wconf 90' lang='lat' dir='ltr'><strong>socium</strong></span> 
     </span>
    </p>

    <p class='ocr_par' dir='ltr' id='par_1_3' title="bbox 139 791 1143 867">
     <span class='ocr_line' id='line_1_7' title="bbox 139 791 1143 867; baseline 0.005 -17"><span class='ocrx_word' id='word_1_42' title='bbox 139 791 283 866; x_wconf 70' lang='lat' dir='ltr'><strong>erogatis</strong></span> <span class='ocrx_word' id='word_1_43' title='bbox 304 794 520 867; x_wconf 85' lang='lat' dir='ltr'>adsumpserat</span> <span class='ocrx_word' id='word_1_44' title='bbox 538 791 706 865; x_wconf 90' lang='lat' dir='ltr'><strong>potentiae,</strong></span> <span class='ocrx_word' id='word_1_45' title='bbox 728 797 824 850; x_wconf 86' lang='lat' dir='ltr'><strong>morte</strong></span> <span class='ocrx_word' id='word_1_46' title='bbox 840 792 960 853; x_wconf 84' lang='lat' dir='ltr'><strong>adiecit</strong></span> <span class='ocrx_word' id='word_1_47' title='bbox 995 792 1143 855; x_wconf 87' lang='lat' dir='ltr'><strong>Idunum</strong></span> 
     </span>
    </p>

    <p class='ocr_par' dir='ltr' id='par_1_4' title="bbox 52 864 1142 1035">
     <span class='ocr_line' id='line_1_8' title="bbox 52 864 1142 951; baseline 0.003 -17"><span class='ocrx_word' id='word_1_48' title='bbox 52 864 58 878; x_wconf 86' lang='grc'><strong><em>’</em></strong></span> <span class='ocrx_word' id='word_1_49' title='bbox 171 875 287 935; x_wconf 88' lang='lat' dir='ltr'><strong>nelarie</strong></span> <span class='ocrx_word' id='word_1_50' title='bbox 312 877 351 936; x_wconf 93' lang='lat' dir='ltr'><strong>ab</strong></span> <span class='ocrx_word' id='word_1_51' title='bbox 377 875 494 951; x_wconf 88' lang='lat' dir='ltr'><strong>Opimio</strong></span> <span class='ocrx_word' id='word_1_52' title='bbox 520 874 687 949; x_wconf 90' lang='lat' dir='ltr'><strong>proditum,</strong></span> <span class='ocrx_word' id='word_1_53' title='bbox 716 875 800 949; x_wconf 91' lang='lat' dir='ltr'><strong>quod</strong></span> <span class='ocrx_word' id='word_1_54' title='bbox 824 872 932 950; x_wconf 90' lang='lat' dir='ltr'><strong>capitis</strong></span> <span class='ocrx_word' id='word_1_55' title='bbox 957 890 1018 935; x_wconf 91' lang='lat' dir='ltr'><strong>non</strong></span> <span class='ocrx_word' id='word_1_56' title='bbox 1046 877 1142 938; x_wconf 91' lang='lat' dir='ltr'><strong>dicam</strong></span> 
     </span>
     <span class='ocr_line' id='line_1_9' title="bbox 173 957 1142 1035; baseline 0.003 -17"><span class='ocrx_word' id='word_1_57' title='bbox 173 958 316 1034; x_wconf 87' lang='lat' dir='ltr'><strong>Gracchi,</strong></span> <span class='ocrx_word' id='word_1_58' title='bbox 343 960 399 1019; x_wconf 92' lang='lat' dir='ltr'><strong>sed</strong></span> <span class='ocrx_word' id='word_1_59' title='bbox 424 957 500 1018; x_wconf 91' lang='lat' dir='ltr'><strong>civis</strong></span> <span class='ocrx_word' id='word_1_60' title='bbox 519 958 649 1019; x_wconf 86' lang='lat' dir='ltr'><strong>Romani</strong></span> <span class='ocrx_word' id='word_1_61' title='bbox 674 959 801 1032; x_wconf 90' lang='lat' dir='ltr'><strong>pretium</strong></span> <span class='ocrx_word' id='word_1_62' title='bbox 827 974 862 1018; x_wconf 91' lang='lat' dir='ltr'><strong>se</strong></span> <span class='ocrx_word' id='word_1_63' title='bbox 886 959 1026 1018; x_wconf 90' lang='lat' dir='ltr'><strong>daturum</strong></span> <span class='ocrx_word' id='word_1_64' title='bbox 1050 959 1142 1035; x_wconf 86' lang='lat' dir='ltr'><strong>idque</strong></span> 
     </span>
    </p>

    <p class='ocr_par' dir='ltr' id='par_1_5' title="bbox 139 1039 1142 1367">
     <span class='ocr_line' id='line_1_10' title="bbox 139 1039 1142 1117; baseline 0.002 -16"><span class='ocrx_word' id='word_1_65' title='bbox 139 1046 155 1100; x_wconf 79' lang='lat'><strong>5</strong></span> <span class='ocrx_word' id='word_1_66' title='bbox 173 1058 248 1102; x_wconf 89' lang='lat' dir='ltr'><strong>auro</strong></span> <span class='ocrx_word' id='word_1_67' title='bbox 259 1057 460 1117; x_wconf 89' lang='lat' dir='ltr'><strong>repensurum</strong></span> <span class='ocrx_word' id='word_1_68' title='bbox 471 1042 642 1115; x_wconf 91' lang='lat' dir='ltr'><strong>proposuit.</strong></span> <span class='ocrx_word' id='word_1_69' title='bbox 663 1039 790 1101; x_wconf 86' lang='lat' dir='ltr'><strong>Flaccus</strong></span> <span class='ocrx_word' id='word_1_70' title='bbox 806 1042 835 1099; x_wconf 91' lang='lat' dir='ltr'><strong>in</strong></span> <span class='ocrx_word' id='word_1_71' title='bbox 845 1042 997 1102; x_wconf 85' lang='lat' dir='ltr'><strong>Aventino</strong></span> <span class='ocrx_word' id='word_1_72' title='bbox 1010 1051 1142 1103; x_wconf 89' lang='lat' dir='ltr'><strong>armatus</strong></span> 
     </span>
     <span class='ocr_line' id='line_1_11' title="bbox 171 1124 1142 1200; baseline 0.002 -15"><span class='ocrx_word' id='word_1_73' title='bbox 171 1141 208 1187; x_wconf 89' lang='lat' dir='ltr'><strong>ac</strong></span> <span class='ocrx_word' id='word_1_74' title='bbox 219 1141 352 1200; x_wconf 90' lang='lat' dir='ltr'><strong>pugnam</strong></span> <span class='ocrx_word' id='word_1_75' title='bbox 363 1125 446 1183; x_wconf 92' lang='lat' dir='ltr'><strong>ciens</strong></span> <span class='ocrx_word' id='word_1_76' title='bbox 459 1139 527 1183; x_wconf 89' lang='lat' dir='ltr'><strong>cum</strong></span> <span class='ocrx_word' id='word_1_77' title='bbox 542 1124 604 1184; x_wconf 90' lang='lat' dir='ltr'><strong>lilio</strong></span> <span class='ocrx_word' id='word_1_78' title='bbox 615 1124 730 1183; x_wconf 90' lang='lat' dir='ltr'><strong>maiore</strong></span> <span class='ocrx_word' id='word_1_79' title='bbox 744 1124 896 1198; x_wconf 87' lang='lat' dir='ltr'><strong>iugulatus</strong></span> <span class='ocrx_word' id='word_1_80' title='bbox 908 1131 969 1196; x_wconf 75' lang='lat' dir='ltr'><strong>est,</strong></span> <span class='ocrx_word' id='word_1_81' title='bbox 987 1125 1142 1187; x_wconf 78' lang='lat' dir='ltr'><strong>Gracchus</strong></span> 
     </span>
     <span class='ocr_line' id='line_1_12' title="bbox 170 1206 1139 1284; baseline -0.002 -15"><span class='ocrx_word' id='word_1_82' title='bbox 170 1209 350 1284; x_wconf 79' lang='lat' dir='ltr'><strong>profugiens</strong></span> <span class='ocrx_word' id='word_1_83' title='bbox 366 1222 435 1266; x_wconf 88' lang='lat' dir='ltr'><strong>cum</strong></span> <span class='ocrx_word' id='word_1_84' title='bbox 448 1206 508 1266; x_wconf 90' lang='lat' dir='ltr'><strong>iam</strong></span> <span class='ocrx_word' id='word_1_85' title='bbox 524 1207 832 1282; x_wconf 84' lang='lat' dir='ltr'><strong>comprehenderetur</strong></span> <span class='ocrx_word' id='word_1_86' title='bbox 846 1207 883 1266; x_wconf 91' lang='lat' dir='ltr'><strong>ab</strong></span> <span class='ocrx_word' id='word_1_87' title='bbox 899 1207 951 1282; x_wconf 92' lang='lat' dir='ltr'><strong>iis,</strong></span> <span class='ocrx_word' id='word_1_88' title='bbox 969 1224 1055 1282; x_wconf 89' lang='lat' dir='ltr'><strong>quos</strong></span> <span class='ocrx_word' id='word_1_89' title='bbox 1073 1206 1139 1284; x_wconf 90' lang='lat' dir='ltr'><strong>Opi·</strong></span> 
     </span>
     <span class='ocr_line' id='line_1_13' title="bbox 171 1289 1141 1367; baseline 0.001 -15"><span class='ocrx_word' id='word_1_90' title='bbox 171 1293 249 1352; x_wconf 93' lang='lat' dir='ltr'><strong>mius</strong></span> <span class='ocrx_word' id='word_1_91' title='bbox 263 1291 400 1363; x_wconf 90' lang='lat' dir='ltr'><strong>miserat,</strong></span> <span class='ocrx_word' id='word_1_92' title='bbox 422 1290 570 1349; x_wconf 90' lang='lat' dir='ltr'><strong>cervicem</strong></span> <span class='ocrx_word' id='word_1_93' title='bbox 584 1290 708 1365; x_wconf 81' lang='lat' dir='ltr'><strong>Euporo</strong></span> <span class='ocrx_word' id='word_1_94' title='bbox 725 1305 816 1350; x_wconf 88' lang='lat' dir='ltr'><strong>servo</strong></span> <span class='ocrx_word' id='word_1_95' title='bbox 837 1290 991 1365; x_wconf 91' lang='lat' dir='ltr'><strong>praebuit,</strong></span> <span class='ocrx_word' id='word_1_96' title='bbox 1014 1289 1067 1367; x_wconf 89' lang='lat' dir='ltr'><strong>qui</strong></span> <span class='ocrx_word' id='word_1_97' title='bbox 1082 1306 1141 1353; x_wconf 87' lang='lat' dir='ltr'><strong>non</strong></span> 
     </span>
    </p>

    <p class='ocr_par' dir='ltr' id='par_1_6' title="bbox 138 1370 1142 1614">
     <span class='ocr_line' id='line_1_14' title="bbox 138 1370 1142 1450; baseline 0.003 -18"><span class='ocrx_word' id='word_1_98' title='bbox 138 1378 156 1432; x_wconf 83' lang='grc'>6</span> <span class='ocrx_word' id='word_1_99' title='bbox 170 1375 296 1448; x_wconf 89' lang='lat' dir='ltr'><strong>segnius</strong></span> <span class='ocrx_word' id='word_1_100' title='bbox 308 1370 421 1446; x_wconf 90' lang='lat' dir='ltr'><strong>seipse</strong></span> <span class='ocrx_word' id='word_1_101' title='bbox 435 1373 592 1445; x_wconf 89' lang='lat' dir='ltr'><strong>interemit,</strong></span> <span class='ocrx_word' id='word_1_102' title='bbox 610 1389 700 1447; x_wconf 90' lang='lat' dir='ltr'><strong>quam</strong></span> <span class='ocrx_word' id='word_1_103' title='bbox 712 1372 835 1434; x_wconf 88' lang='lat' dir='ltr'><strong>domino</strong></span> <span class='ocrx_word' id='word_1_104' title='bbox 848 1381 1049 1434; x_wconf 81' lang='lat' dir='ltr'><strong>succurreret.</strong></span> <span class='ocrx_word' id='word_1_105' title='bbox 1077 1375 1142 1450; x_wconf 80' lang='lat' dir='ltr'><strong>Quo</strong></span> 
     </span>
     <span class='ocr_line' id='line_1_15' title="bbox 170 1454 1142 1531; baseline 0.004 -17"><span class='ocrx_word' id='word_1_106' title='bbox 170 1457 221 1515; x_wconf 93' lang='lat' dir='ltr'><strong>die</strong></span> <span class='ocrx_word' id='word_1_107' title='bbox 238 1454 399 1528; x_wconf 90' lang='lat' dir='ltr'><strong>singularis</strong></span> <span class='ocrx_word' id='word_1_108' title='bbox 409 1454 559 1531; x_wconf 91' lang='lat' dir='ltr'><strong>Pomponi</strong></span> <span class='ocrx_word' id='word_1_109' title='bbox 573 1457 684 1531; x_wconf 90' lang='lat' dir='ltr'><strong>equitis</strong></span> <span class='ocrx_word' id='word_1_110' title='bbox 695 1457 823 1517; x_wconf 90' lang='lat' dir='ltr'><strong>Romani</strong></span> <span class='ocrx_word' id='word_1_111' title='bbox 836 1456 866 1514; x_wconf 90' lang='lat' dir='ltr'><strong>in</strong></span> <span class='ocrx_word' id='word_1_112' title='bbox 880 1457 1048 1517; x_wconf 93' lang='lat' dir='ltr'><strong>Gracchum</strong></span> <span class='ocrx_word' id='word_1_113' title='bbox 1063 1458 1142 1518; x_wconf 86' lang='lat' dir='ltr'><strong>tides</strong></span> 
     </span>
     <span class='ocr_line' id='line_1_16' title="bbox 170 1536 1141 1614; baseline 0.003 -16"><span class='ocrx_word' id='word_1_114' title='bbox 170 1537 238 1611; x_wconf 89' lang='lat' dir='ltr'><strong>luit,</strong></span> <span class='ocrx_word' id='word_1_115' title='bbox 261 1536 312 1611; x_wconf 87' lang='lat' dir='ltr'><strong>qui</strong></span> <span class='ocrx_word' id='word_1_116' title='bbox 326 1553 411 1598; x_wconf 89' lang='lat' dir='ltr'><strong>more</strong></span> <span class='ocrx_word' id='word_1_117' title='bbox 427 1539 547 1600; x_wconf 85' lang='lat' dir='ltr'><strong>Coclitis</strong></span> <span class='ocrx_word' id='word_1_118' title='bbox 562 1541 737 1601; x_wconf 91' lang='lat' dir='ltr'><strong>sustentatis</strong></span> <span class='ocrx_word' id='word_1_119' title='bbox 758 1539 789 1598; x_wconf 90' lang='lat' dir='ltr'><strong>in</strong></span> <span class='ocrx_word' id='word_1_120' title='bbox 804 1546 897 1614; x_wconf 88' lang='lat' dir='ltr'><strong>ponte</strong></span> <span class='ocrx_word' id='word_1_121' title='bbox 910 1540 1050 1601; x_wconf 88' lang='lat' dir='ltr'><strong>hostibus</strong></span> <span class='ocrx_word' id='word_1_122' title='bbox 1066 1541 1141 1613; x_wconf 78' lang='lat' dir='ltr'><strong>eiua,</strong></span> 
     </span>
    </p>

    <p class='ocr_par' dir='ltr' id='par_1_7' title="bbox 139 1619 1144 2191">
     <span class='ocr_line' id='line_1_17' title="bbox 139 1619 1142 1698; baseline 0.005 -19"><span class='ocrx_word' id='word_1_123' title='bbox 139 1619 270 1695; x_wconf 78' lang='lat' dir='ltr'><strong>igladio</strong></span> <span class='ocrx_word' id='word_1_124' title='bbox 287 1636 321 1680; x_wconf 91' lang='lat' dir='ltr'><strong>se</strong></span> <span class='ocrx_word' id='word_1_125' title='bbox 335 1622 494 1682; x_wconf 87' lang='lat' dir='ltr'><strong>transfixit.</strong></span> <span class='ocrx_word' id='word_1_126' title='bbox 521 1623 561 1684; x_wconf 91' lang='lat' dir='ltr'><strong>Ut</strong></span> <span class='ocrx_word' id='word_1_127' title='bbox 573 1623 616 1681; x_wconf 90' lang='lat' dir='ltr'><strong>Ti.</strong></span> <span class='ocrx_word' id='word_1_128' title='bbox 634 1623 761 1682; x_wconf 90' lang='lat' dir='ltr'><strong>Gracchi</strong></span> <span class='ocrx_word' id='word_1_129' title='bbox 776 1631 865 1683; x_wconf 88' lang='lat' dir='ltr'><strong>antea</strong></span> <span class='ocrx_word' id='word_1_130' title='bbox 880 1639 1009 1698; x_wconf 90' lang='lat' dir='ltr'><strong>corpus,</strong></span> <span class='ocrx_word' id='word_1_131' title='bbox 1029 1623 1072 1683; x_wconf 91' lang='lat' dir='ltr'><strong>ita</strong></span> <span class='ocrx_word' id='word_1_132' title='bbox 1088 1622 1142 1684; x_wconf 87' lang='lat' dir='ltr'><strong>Gai</strong></span> 
     </span>
     <span class='ocr_line' id='line_1_18' title="bbox 168 1704 1143 1768; baseline 0.005 -7"><span class='ocrx_word' id='word_1_133' title='bbox 168 1704 244 1762; x_wconf 90' lang='lat' dir='ltr'><strong>mira</strong></span> <span class='ocrx_word' id='word_1_134' title='bbox 260 1705 436 1766; x_wconf 89' lang='lat' dir='ltr'><strong>crudelitate</strong></span> <span class='ocrx_word' id='word_1_135' title='bbox 451 1704 598 1766; x_wconf 88' lang='lat' dir='ltr'><strong>victorum</strong></span> <span class='ocrx_word' id='word_1_136' title='bbox 613 1707 643 1765; x_wconf 93' lang='lat' dir='ltr'><strong>ln</strong></span> <span class='ocrx_word' id='word_1_137' title='bbox 657 1706 788 1766; x_wconf 89' lang='lat' dir='ltr'><strong>Tiberim</strong></span> <span class='ocrx_word' id='word_1_138' title='bbox 803 1706 953 1766; x_wconf 92' lang='lat' dir='ltr'><strong>deiectum</strong></span> <span class='ocrx_word' id='word_1_139' title='bbox 969 1713 1025 1768; x_wconf 91' lang='lat' dir='ltr'><strong>est.</strong></span> <span class='ocrx_word' id='word_1_140' title='bbox 1052 1706 1143 1767; x_wconf 87' lang='lat' dir='ltr'><strong>Hunc</strong></span> 
     </span>
     <span class='ocr_line' id='line_1_19' title="bbox 168 1786 1144 1863; baseline 0.005 -18"><span class='ocrx_word' id='word_1_141' title='bbox 168 1787 210 1845; x_wconf 90' lang='lat' dir='ltr'><strong>Ti.</strong></span> <span class='ocrx_word' id='word_1_142' title='bbox 235 1786 362 1845; x_wconf 89' lang='lat' dir='ltr'><strong>Gracchi</strong></span> <span class='ocrx_word' id='word_1_143' title='bbox 383 1788 483 1861; x_wconf 87' lang='lat' dir='ltr'><strong>liberi,</strong></span> <span class='ocrx_word' id='word_1_144' title='bbox 510 1787 543 1846; x_wconf 93' lang='lat' dir='ltr'><strong>P.</strong></span> <span class='ocrx_word' id='word_1_145' title='bbox 566 1787 720 1862; x_wconf 89' lang='lat' dir='ltr'><strong>Scipionis</strong></span> <span class='ocrx_word' id='word_1_146' title='bbox 740 1788 877 1848; x_wconf 80' lang='lat' dir='ltr'><strong>Africani</strong></span> <span class='ocrx_word' id='word_1_147' title='bbox 896 1795 1042 1863; x_wconf 91' lang='lat' dir='ltr'><strong>nepotes,</strong></span> <span class='ocrx_word' id='word_1_148' title='bbox 1070 1788 1144 1850; x_wconf 86' lang='lat' dir='ltr'><strong>viva</strong></span> 
     </span>
     <span class='ocr_line' id='line_1_20' title="bbox 170 1867 1144 1946; baseline 0.004 -18"><span class='ocrx_word' id='word_1_149' title='bbox 170 1867 269 1928; x_wconf 92' lang='lat' dir='ltr'><strong>adhuc</strong></span> <span class='ocrx_word' id='word_1_150' title='bbox 283 1876 379 1928; x_wconf 91' lang='lat' dir='ltr'><strong>matre</strong></span> <span class='ocrx_word' id='word_1_151' title='bbox 395 1868 548 1942; x_wconf 87' lang='lat' dir='ltr'><strong>Cornelia,</strong></span> <span class='ocrx_word' id='word_1_152' title='bbox 562 1869 698 1928; x_wconf 82' lang='lat' dir='ltr'><strong>Atrieani</strong></span> <span class='ocrx_word' id='word_1_153' title='bbox 712 1870 787 1940; x_wconf 84' lang='lat' dir='ltr'><strong>lilla,</strong></span> <span class='ocrx_word' id='word_1_154' title='bbox 803 1871 860 1929; x_wconf 93' lang='lat' dir='ltr'><strong>viri</strong></span> <span class='ocrx_word' id='word_1_155' title='bbox 875 1872 995 1945; x_wconf 90' lang='lat' dir='ltr'><strong>optimis</strong></span> <span class='ocrx_word' id='word_1_156' title='bbox 1010 1872 1144 1946; x_wconf 90' lang='lat' dir='ltr'><strong>ingeniis</strong></span> 
     </span>
     <span class='ocr_line' id='line_1_21' title="bbox 168 1951 1143 2026; baseline 0.006 -16"><span class='ocrx_word' id='word_1_157' title='bbox 168 1952 247 2011; x_wconf 92' lang='lat' dir='ltr'><strong>male</strong></span> <span class='ocrx_word' id='word_1_158' title='bbox 261 1952 325 2022; x_wconf 85' lang='lat' dir='ltr'><strong>usi,</strong></span> <span class='ocrx_word' id='word_1_159' title='bbox 339 1952 420 2011; x_wconf 87' lang='lat' dir='ltr'><strong>vitae</strong></span> <span class='ocrx_word' id='word_1_160' title='bbox 433 1952 600 2025; x_wconf 89' lang='lat' dir='ltr'><strong>mortisque</strong></span> <span class='ocrx_word' id='word_1_161' title='bbox 615 1951 749 2010; x_wconf 89' lang='lat' dir='ltr'><strong>habuere</strong></span> <span class='ocrx_word' id='word_1_162' title='bbox 764 1951 892 2021; x_wconf 80' lang='lat' dir='ltr'><strong>exitum3</strong></span> <span class='ocrx_word' id='word_1_163' title='bbox 915 1953 1007 2026; x_wconf 89' lang='lat' dir='ltr'><strong>quisi</strong></span> <span class='ocrx_word' id='word_1_164' title='bbox 1022 1954 1143 2015; x_wconf 89' lang='lat' dir='ltr'><strong>civilem</strong></span> 
     </span>
     <span class='ocr_line' id='line_1_22' title="bbox 171 2033 1144 2108; baseline 0.005 -14"><span class='ocrx_word' id='word_1_165' title='bbox 171 2035 323 2108; x_wconf 81' lang='lat' dir='ltr'><strong>dignitatis</strong></span> <span class='ocrx_word' id='word_1_166' title='bbox 347 2034 564 2108; x_wconf 90' lang='lat' dir='ltr'><strong>concupissent</strong></span> <span class='ocrx_word' id='word_1_167' title='bbox 590 2033 729 2105; x_wconf 91' lang='lat' dir='ltr'><strong>modum,</strong></span> <span class='ocrx_word' id='word_1_168' title='bbox 762 2033 907 2108; x_wconf 91' lang='lat' dir='ltr'><strong>quicquid</strong></span> <span class='ocrx_word' id='word_1_169' title='bbox 932 2036 1144 2099; x_wconf 89' lang='lat' dir='ltr'><strong>tumultuando</strong></span> 
     </span>
     <span class='ocr_line' id='line_1_23' title="bbox 170 2114 990 2191; baseline -0.005 -14"><span class='ocrx_word' id='word_1_170' title='bbox 170 2118 298 2191; x_wconf 90' lang='lat' dir='ltr'><strong>adipisci</strong></span> <span class='ocrx_word' id='word_1_171' title='bbox 313 2117 492 2190; x_wconf 87' lang='lat' dir='ltr'><strong>gestierunt,</strong></span> <span class='ocrx_word' id='word_1_172' title='bbox 510 2115 620 2189; x_wconf 92' lang='lat' dir='ltr'><strong>quietis</strong></span> <span class='ocrx_word' id='word_1_173' title='bbox 635 2114 796 2177; x_wconf 87' lang='lat' dir='ltr'><strong>obtulisset</strong></span> <span class='ocrx_word' id='word_1_174' title='bbox 808 2117 990 2191; x_wconf 89' lang='lat' dir='ltr'><strong>respublica.</strong></span> 
     </span>
    </p>

    <p class='ocr_par' dir='ltr' id='par_1_8' title="bbox 138 2196 1181 2938">
     <span class='ocr_line' id='line_1_24' title="bbox 138 2196 1143 2280; baseline 0.009 -23"><span class='ocrx_word' id='word_1_175' title='bbox 138 2205 154 2257; x_wconf 90' lang='lat' dir='ltr'>t</span> <span class='ocrx_word' id='word_1_176' title='bbox 251 2200 316 2258; x_wconf 92' lang='lat' dir='ltr'><strong>Vll.</strong></span> <span class='ocrx_word' id='word_1_177' title='bbox 343 2199 424 2259; x_wconf 87' lang='lat' dir='ltr'><strong>Huic</strong></span> <span class='ocrx_word' id='word_1_178' title='bbox 436 2196 585 2258; x_wconf 88' lang='lat' dir='ltr'><strong>atrocitati</strong></span> <span class='ocrx_word' id='word_1_179' title='bbox 595 2199 746 2259; x_wconf 91' lang='lat' dir='ltr'><strong>adiectum</strong></span> <span class='ocrx_word' id='word_1_180' title='bbox 758 2201 859 2260; x_wconf 87' lang='lat' dir='ltr'><strong>scelus</strong></span> <span class='ocrx_word' id='word_1_181' title='bbox 870 2201 1007 2260; x_wconf 76' lang='lat' dir='ltr'><strong>unicum:</strong></span> <span class='ocrx_word' id='word_1_182' title='bbox 1025 2202 1143 2280; x_wconf 89' lang='lat' dir='ltr'><strong>quippe</strong></span> 
     </span>
     <span class='ocr_line' id='line_1_25' title="bbox 169 2282 1142 2356; baseline 0.007 -16"><span class='ocrx_word' id='word_1_183' title='bbox 169 2283 288 2342; x_wconf 89' lang='lat' dir='ltr'><strong>iuvenis</strong></span> <span class='ocrx_word' id='word_1_184' title='bbox 303 2282 408 2356; x_wconf 90' lang='lat' dir='ltr'><strong>specie</strong></span> <span class='ocrx_word' id='word_1_185' title='bbox 428 2283 583 2341; x_wconf 84' lang='lat' dir='ltr'><strong>excellens</strong></span> <span class='ocrx_word' id='word_1_186' title='bbox 602 2284 733 2343; x_wconf 90' lang='lat' dir='ltr'><strong>necdum</strong></span> <span class='ocrx_word' id='word_1_187' title='bbox 747 2283 1027 2345; x_wconf 87' lang='lat' dir='ltr'><strong>duodevicesimam</strong></span> <span class='ocrx_word' id='word_1_188' title='bbox 1041 2292 1142 2348; x_wconf 90' lang='lat' dir='ltr'><strong>trans·</strong></span> 
     </span>
     <span class='ocr_line' id='line_1_26' title="bbox 168 2364 1143 2443; baseline 0.008 -21"><span class='ocrx_word' id='word_1_189' title='bbox 168 2380 297 2439; x_wconf 84' lang='lat' dir='ltr'><strong>gressus</strong></span> <span class='ocrx_word' id='word_1_190' title='bbox 308 2380 418 2424; x_wconf 90' lang='lat' dir='ltr'><strong>annum</strong></span> <span class='ocrx_word' id='word_1_191' title='bbox 434 2364 636 2439; x_wconf 91' lang='lat' dir='ltr'><strong>immunisque</strong></span> <span class='ocrx_word' id='word_1_192' title='bbox 648 2367 824 2427; x_wconf 89' lang='lat' dir='ltr'><strong>delictorum</strong></span> <span class='ocrx_word' id='word_1_193' title='bbox 835 2375 1038 2443; x_wconf 89' lang='lat' dir='ltr'><strong>paternorum,</strong></span> <span class='ocrx_word' id='word_1_194' title='bbox 1052 2366 1143 2430; x_wconf 88' lang='lat' dir='ltr'><strong>Fulvi</strong></span> 
     </span>
     <span class='ocr_line' id='line_1_27' title="bbox 167 2445 1141 2524; baseline 0.005 -17"><span class='ocrx_word' id='word_1_195' title='bbox 167 2445 269 2507; x_wconf 88' lang='lat' dir='ltr'><strong>Flacci</strong></span> <span class='ocrx_word' id='word_1_196' title='bbox 284 2446 379 2522; x_wconf 88' lang='lat' dir='ltr'><strong>lilius,</strong></span> <span class='ocrx_word' id='word_1_197' title='bbox 397 2465 487 2524; x_wconf 90' lang='lat' dir='ltr'><strong>quem</strong></span> <span class='ocrx_word' id='word_1_198' title='bbox 501 2457 587 2523; x_wconf 92' lang='lat' dir='ltr'><strong>pater</strong></span> <span class='ocrx_word' id='word_1_199' title='bbox 601 2450 731 2523; x_wconf 90' lang='lat' dir='ltr'><strong>legatum</strong></span> <span class='ocrx_word' id='word_1_200' title='bbox 748 2451 786 2510; x_wconf 92' lang='lat' dir='ltr'><strong>de</strong></span> <span class='ocrx_word' id='word_1_201' title='bbox 802 2449 1033 2522; x_wconf 88' lang='lat' dir='ltr'><strong>condicionibus</strong></span> <span class='ocrx_word' id='word_1_202' title='bbox 1047 2453 1141 2513; x_wconf 91' lang='lat' dir='ltr'><strong>mise-</strong></span> 
     </span>
     <span class='ocr_line' id='line_1_28' title="bbox 168 2531 1142 2610; baseline 0.007 -21"><span class='ocrx_word' id='word_1_203' title='bbox 168 2537 228 2604; x_wconf 89' lang='lat' dir='ltr'><strong>rat,</strong></span> <span class='ocrx_word' id='word_1_204' title='bbox 255 2531 293 2591; x_wconf 93' lang='lat' dir='ltr'><strong>ab</strong></span> <span class='ocrx_word' id='word_1_205' title='bbox 316 2531 433 2607; x_wconf 89' lang='lat' dir='ltr'><strong>Opimio</strong></span> <span class='ocrx_word' id='word_1_206' title='bbox 458 2533 657 2607; x_wconf 90' lang='lat' dir='ltr'><strong>interemptus</strong></span> <span class='ocrx_word' id='word_1_207' title='bbox 678 2539 734 2593; x_wconf 91' lang='lat' dir='ltr'><strong>est.</strong></span> <span class='ocrx_word' id='word_1_208' title='bbox 771 2533 865 2606; x_wconf 82' lang='lat' dir='ltr'><strong>Quem</strong></span> <span class='ocrx_word' id='word_1_209' title='bbox 890 2549 959 2593; x_wconf 88' lang='lat' dir='ltr'><strong>cum</strong></span> <span class='ocrx_word' id='word_1_210' title='bbox 982 2534 1142 2610; x_wconf 85' lang='lat' dir='ltr'><strong>haruspex</strong></span> 
     </span>
     <span class='ocr_line' id='line_1_29' title="bbox 167 2613 1142 2692; baseline 0.007 -19"><span class='ocrx_word' id='word_1_211' title='bbox 167 2613 286 2674; x_wconf 78' lang='lat' dir='ltr'><strong>luscus</strong></span> <span class='ocrx_word' id='word_1_212' title='bbox 307 2616 421 2675; x_wconf 89' lang='lat' dir='ltr'><strong>amicus</strong></span> <span class='ocrx_word' id='word_1_213' title='bbox 441 2615 564 2675; x_wconf 85' lang='lat' dir='ltr'><strong>ilentem</strong></span> <span class='ocrx_word' id='word_1_214' title='bbox 585 2616 615 2673; x_wconf 90' lang='lat' dir='ltr'><strong>in</strong></span> <span class='ocrx_word' id='word_1_215' title='bbox 630 2616 751 2680; x_wconf 87' lang='lat' dir='ltr'><strong>vincula</strong></span> <span class='ocrx_word' id='word_1_216' title='bbox 765 2615 835 2675; x_wconf 93' lang='lat' dir='ltr'><strong>duci</strong></span> <span class='ocrx_word' id='word_1_217' title='bbox 849 2616 990 2678; x_wconf 87' lang='lat' dir='ltr'><strong>vidisset:</strong></span> <span class='ocrx_word' id='word_1_218' title='bbox 1014 2619 1087 2692; x_wconf 90' lang='lat' dir='ltr'><strong>quin</strong></span> <span class='ocrx_word' id='word_1_219' title='bbox 1107 2626 1142 2680; x_wconf 92' lang='lat' dir='ltr'><strong>tu</strong></span> 
     </span>
     <span class='ocr_line' id='line_1_30' title="bbox 168 2696 1181 2776; baseline 0.008 -22"><span class='ocrx_word' id='word_1_220' title='bbox 168 2696 227 2754; x_wconf 92' lang='lat' dir='ltr'><strong>hoc</strong></span> <span class='ocrx_word' id='word_1_221' title='bbox 248 2697 365 2769; x_wconf 88' lang='lat' dir='ltr'><strong>potius,</strong></span> <span class='ocrx_word' id='word_1_222' title='bbox 392 2697 504 2771; x_wconf 90' lang='lat' dir='ltr'><strong>inquit,</strong></span> <span class='ocrx_word' id='word_1_223' title='bbox 530 2698 628 2756; x_wconf 80' lang='lat' dir='ltr'><strong>lacist</strong></span> <span class='ocrx_word' id='word_1_224' title='bbox 651 2697 851 2774; x_wconf 88' lang='lat' dir='ltr'><strong>protinusque</strong></span> <span class='ocrx_word' id='word_1_225' title='bbox 874 2699 964 2762; x_wconf 91' lang='lat' dir='ltr'><strong>inliso</strong></span> <span class='ocrx_word' id='word_1_226' title='bbox 986 2700 1084 2776; x_wconf 88' lang='lat' dir='ltr'><strong>capite</strong></span> <span class='ocrx_word' id='word_1_227' title='bbox 1108 2700 1141 2762; x_wconf 91' lang='lat' dir='ltr'><strong>in</strong></span> <span class='ocrx_word' id='word_1_228' title='bbox 1178 2718 1181 2733; x_wconf 82' lang='lat'>¹</span> 
     </span>
     <span class='ocr_line' id='line_1_31' title="bbox 167 2778 1140 2858; baseline 0.008 -22"><span class='ocrx_word' id='word_1_229' title='bbox 167 2784 288 2851; x_wconf 89' lang='lat' dir='ltr'><strong>postem</strong></span> <span class='ocrx_word' id='word_1_230' title='bbox 308 2778 462 2852; x_wconf 90' lang='lat' dir='ltr'><strong>lapideum</strong></span> <span class='ocrx_word' id='word_1_231' title='bbox 483 2781 591 2840; x_wconf 90' lang='lat' dir='ltr'><strong>ianuae</strong></span> <span class='ocrx_word' id='word_1_232' title='bbox 613 2779 744 2841; x_wconf 89' lang='lat' dir='ltr'><strong>carceris</strong></span> <span class='ocrx_word' id='word_1_233' title='bbox 761 2780 923 2858; x_wconf 85' lang='lat' dir='ltr'><strong>effusoque</strong></span> <span class='ocrx_word' id='word_1_234' title='bbox 943 2784 1070 2844; x_wconf 87' lang='lat' dir='ltr'><strong>cerebro</strong></span> <span class='ocrx_word' id='word_1_235' title='bbox 1086 2801 1140 2845; x_wconf 88' lang='lat' dir='ltr'><strong>ex-</strong></span> 
     </span>
     <span class='ocr_line' id='line_1_32' title="bbox 167 2858 1181 2938; baseline 0.013 -22"><span class='ocrx_word' id='word_1_236' title='bbox 167 2858 286 2933; x_wconf 90' lang='lat' dir='ltr'><strong>piravit.</strong></span> <span class='ocrx_word' id='word_1_237' title='bbox 314 2860 521 2937; x_wconf 78' lang='lat' dir='ltr'><strong>crudelesque</strong></span> <span class='ocrx_word' id='word_1_238' title='bbox 534 2877 607 2923; x_wconf 88' lang='lat' dir='ltr'><strong>mox</strong></span> <span class='ocrx_word' id='word_1_239' title='bbox 622 2864 816 2938; x_wconf 90' lang='lat' dir='ltr'><strong>quaestiones</strong></span> <span class='ocrx_word' id='word_1_240' title='bbox 832 2867 861 2925; x_wconf 91' lang='lat' dir='ltr'><strong>in</strong></span> <span class='ocrx_word' id='word_1_241' title='bbox 876 2868 991 2926; x_wconf 87' lang='lat' dir='ltr'><strong>amicos</strong></span> <span class='ocrx_word' id='word_1_242' title='bbox 1007 2867 1141 2928; x_wconf 88' lang='lat' dir='ltr'><strong>clientis·</strong></span> <span class='ocrx_word' id='word_1_243' title='bbox 1177 2870 1181 2879; x_wconf 89' lang='lat'>&#39;</span> 
     </span>
    </p>

    <p class='ocr_par' dir='ltr' id='par_1_9' title="bbox 135 2942 1141 3356">
     <span class='ocr_line' id='line_1_33' title="bbox 135 2942 1140 3024; baseline 0.006 -19"><span class='ocrx_word' id='word_1_244' title='bbox 135 2951 152 3005; x_wconf 75' lang='lat'><strong>2</strong></span> <span class='ocrx_word' id='word_1_245' title='bbox 168 2957 228 3016; x_wconf 88' lang='lat' dir='ltr'><strong>que</strong></span> <span class='ocrx_word' id='word_1_246' title='bbox 245 2942 450 3005; x_wconf 90' lang='lat' dir='ltr'><strong>Gracchorum</strong></span> <span class='ocrx_word' id='word_1_247' title='bbox 464 2944 584 3005; x_wconf 89' lang='lat' dir='ltr'><strong>habitae</strong></span> <span class='ocrx_word' id='word_1_248' title='bbox 599 2953 678 3006; x_wconf 91' lang='lat' dir='ltr'><strong>sunt.</strong></span> <span class='ocrx_word' id='word_1_249' title='bbox 702 2947 765 3008; x_wconf 90' lang='lat' dir='ltr'><strong>Sed</strong></span> <span class='ocrx_word' id='word_1_250' title='bbox 776 2948 934 3024; x_wconf 86' lang='lat' dir='ltr'><strong>Opimium,</strong></span> <span class='ocrx_word' id='word_1_251' title='bbox 950 2949 1049 3009; x_wconf 87' lang='lat' dir='ltr'><strong>virum</strong></span> <span class='ocrx_word' id='word_1_252' title='bbox 1064 2951 1140 3011; x_wconf 90' lang='lat' dir='ltr'><strong>alio·</strong></span> 
     </span>
     <span class='ocr_line' id='line_1_34' title="bbox 169 3025 1141 3107; baseline 0.012 -23"><span class='ocrx_word' id='word_1_253' title='bbox 169 3025 221 3099; x_wconf 93' lang='lat' dir='ltr'><strong>qui</strong></span> <span class='ocrx_word' id='word_1_254' title='bbox 236 3033 372 3086; x_wconf 89' lang='lat' dir='ltr'><strong>sanctum</strong></span> <span class='ocrx_word' id='word_1_255' title='bbox 387 3035 417 3088; x_wconf 94' lang='lat' dir='ltr'><strong>et</strong></span> <span class='ocrx_word' id='word_1_256' title='bbox 430 3044 564 3102; x_wconf 89' lang='lat' dir='ltr'><strong>gravem,</strong></span> <span class='ocrx_word' id='word_1_257' title='bbox 579 3031 750 3090; x_wconf 91' lang='lat' dir='ltr'><strong>damnatum</strong></span> <span class='ocrx_word' id='word_1_258' title='bbox 766 3039 874 3106; x_wconf 89' lang='lat' dir='ltr'><strong>postea</strong></span> <span class='ocrx_word' id='word_1_259' title='bbox 889 3032 1001 3092; x_wconf 91' lang='lat' dir='ltr'><strong>iudicio</strong></span> <span class='ocrx_word' id='word_1_260' title='bbox 1014 3034 1141 3107; x_wconf 91' lang='lat' dir='ltr'><strong>publico</strong></span> 
     </span>
     <span class='ocr_line' id='line_1_35' title="bbox 166 3109 1140 3188; baseline 0.011 -22"><span class='ocrx_word' id='word_1_261' title='bbox 166 3109 312 3168; x_wconf 88' lang='lat' dir='ltr'><strong>memoria</strong></span> <span class='ocrx_word' id='word_1_262' title='bbox 332 3111 430 3185; x_wconf 91' lang='lat' dir='ltr'><strong>ipsius</strong></span> <span class='ocrx_word' id='word_1_263' title='bbox 452 3112 612 3185; x_wconf 88' lang='lat' dir='ltr'><strong>saevitiae,</strong></span> <span class='ocrx_word' id='word_1_264' title='bbox 633 3115 715 3175; x_wconf 90' lang='lat' dir='ltr'><strong>nulla</strong></span> <span class='ocrx_word' id='word_1_265' title='bbox 730 3115 826 3174; x_wconf 90' lang='lat' dir='ltr'><strong>civilis</strong></span> <span class='ocrx_word' id='word_1_266' title='bbox 840 3121 1004 3188; x_wconf 89' lang='lat' dir='ltr'><strong>prosecuta</strong></span> <span class='ocrx_word' id='word_1_267' title='bbox 1019 3122 1067 3175; x_wconf 91' lang='lat' dir='ltr'><strong>est</strong></span> <span class='ocrx_word' id='word_1_268' title='bbox 1083 3115 1140 3177; x_wconf 91' lang='lat' dir='ltr'><strong>mi·</strong></span> 
     </span>
     <span class='ocr_line' id='line_1_36' title="bbox 168 3190 1140 3272; baseline 0.01 -22"><span class='ocrx_word' id='word_1_269' title='bbox 168 3190 344 3251; x_wconf 89' lang='lat' dir='ltr'><strong>sericordia.</strong></span> <span class='ocrx_word' id='word_1_270' title='bbox 380 3193 494 3253; x_wconf 83' lang='lat' dir='ltr'><strong>Eadem</strong></span> <span class='ocrx_word' id='word_1_271' title='bbox 509 3196 662 3269; x_wconf 89' lang='lat' dir='ltr'><strong>Rupilium</strong></span> <span class='ocrx_word' id='word_1_272' title='bbox 675 3195 902 3272; x_wconf 93' lang='lat' dir='ltr'><strong>Popiliumque,</strong></span> <span class='ocrx_word' id='word_1_273' title='bbox 926 3197 977 3272; x_wconf 93' lang='lat' dir='ltr'><strong>qui</strong></span> <span class='ocrx_word' id='word_1_274' title='bbox 992 3201 1140 3261; x_wconf 90' lang='lat' dir='ltr'><strong>consules</strong></span> 
     </span>
     <span class='ocr_line' id='line_1_37' title="bbox 167 3273 1141 3356; baseline 0.012 -25"><span class='ocrx_word' id='word_1_275' title='bbox 167 3273 335 3348; x_wconf 89' lang='lat' dir='ltr'><strong>asperrime</strong></span> <span class='ocrx_word' id='word_1_276' title='bbox 355 3275 384 3334; x_wconf 93' lang='lat' dir='ltr'><strong>in</strong></span> <span class='ocrx_word' id='word_1_277' title='bbox 406 3276 503 3336; x_wconf 87' lang='lat' dir='ltr'><strong>Tiberi</strong></span> <span class='ocrx_word' id='word_1_278' title='bbox 526 3278 653 3338; x_wconf 90' lang='lat' dir='ltr'><strong>Gracchi</strong></span> <span class='ocrx_word' id='word_1_279' title='bbox 674 3280 789 3340; x_wconf 89' lang='lat' dir='ltr'><strong>amicos</strong></span> <span class='ocrx_word' id='word_1_280' title='bbox 816 3278 1001 3355; x_wconf 87' lang='lat' dir='ltr'><strong>saevierant,</strong></span> <span class='ocrx_word' id='word_1_281' title='bbox 1027 3288 1141 3356; x_wconf 88' lang='lat' dir='ltr'><strong>postea</strong></span> 
     </span>
    </p>

    <p class='ocr_par' dir='ltr' id='par_1_10' title="bbox 135 3354 1139 3521">
     <span class='ocr_line' id='line_1_38' title="bbox 135 3354 1138 3437; baseline 0.013 -25"><span class='ocrx_word' id='word_1_282' title='bbox 135 3358 152 3412; x_wconf 80' lang='lat'>³</span> <span class='ocrx_word' id='word_1_283' title='bbox 166 3354 346 3417; x_wconf 89' lang='lat' dir='ltr'><strong>iudiciorum</strong></span> <span class='ocrx_word' id='word_1_284' title='bbox 361 3360 552 3433; x_wconf 90' lang='lat' dir='ltr'><strong>publicorum</strong></span> <span class='ocrx_word' id='word_1_285' title='bbox 565 3363 672 3421; x_wconf 90' lang='lat' dir='ltr'><strong>merito</strong></span> <span class='ocrx_word' id='word_1_286' title='bbox 688 3361 843 3437; x_wconf 90' lang='lat' dir='ltr'><strong>oppressit</strong></span> <span class='ocrx_word' id='word_1_287' title='bbox 856 3362 978 3423; x_wconf 93' lang='lat' dir='ltr'><strong>invidia.</strong></span> <span class='ocrx_word' id='word_1_288' title='bbox 999 3364 1056 3424; x_wconf 89' lang='lat' dir='ltr'><strong>Rei</strong></span> <span class='ocrx_word' id='word_1_289' title='bbox 1071 3371 1138 3425; x_wconf 88' lang='lat' dir='ltr'><strong>tan-</strong></span> 
     </span>
     <span class='ocr_line' id='line_1_39' title="bbox 166 3443 1139 3521; baseline 0.012 -23"><span class='ocrx_word' id='word_1_290' title='bbox 166 3445 216 3498; x_wconf 87' lang='lat' dir='ltr'><strong>tae</strong></span> <span class='ocrx_word' id='word_1_291' title='bbox 235 3456 345 3516; x_wconf 88' lang='lat' dir='ltr'><strong>parum</strong></span> <span class='ocrx_word' id='word_1_292' title='bbox 367 3444 406 3502; x_wconf 90' lang='lat' dir='ltr'><strong>ad</strong></span> <span class='ocrx_word' id='word_1_293' title='bbox 426 3443 562 3505; x_wconf 89' lang='lat' dir='ltr'><strong>notitiam</strong></span> <span class='ocrx_word' id='word_1_294' title='bbox 581 3446 736 3521; x_wconf 87' lang='lat' dir='ltr'><strong>pertinens</strong></span> <span class='ocrx_word' id='word_1_295' title='bbox 761 3445 977 3520; x_wconf 87' lang='lat' dir='ltr'><strong>interponatur.</strong></span> <span class='ocrx_word' id='word_1_296' title='bbox 1012 3445 1069 3507; x_wconf 87' lang='lat' dir='ltr'><strong>Hic</strong></span> <span class='ocrx_word' id='word_1_297' title='bbox 1089 3457 1139 3510; x_wconf 88' lang='lat' dir='ltr'><strong>est</strong></span> 
     </span>
    </p>
   </div>
   <div class='ocr_carea' id='block_1_3' title="bbox 0 0 1190 3946">
    <p class='ocr_par' dir='ltr' id='par_1_11' title="bbox 0 0 1190 3946">
     <span class='ocr_line' id='line_1_40' title="bbox 0 0 1190 3946; baseline 0 1"><span class='ocrx_word' id='word_1_298' title='bbox 0 0 1190 3946; x_wconf 95' lang='lat' dir='ltr'><strong> </strong></span> 
     </span>
    </p>
   </div>
  </div>
 </body>
</html>
