2370 3946
134 213 176 276 92
404 210 445 270 n.
466 181 609 269 ianuar
630 207 847 270 rosnacum

136 364 317 439 gistratuum
330 361 525 438 provinciae;
547 361 646 422 honor
659 361 759 436 dignis
772 357 1005 441 paratissimus,
1020 374 1116 435 poena

137 448 167 508 in
191 449 289 508 malos
314 462 400 521 sera,
424 447 482 507 sed
504 444 624 520 aliqua,
655 453 818 520 superatur
837 443 994 519 aequitate
1016 441 1115 519 gratia,

130 530 260 593 ambitio
273 531 399 602 virtute;
414 546 485 591 nam
498 531 599 591 lacere
610 536 694 590 recte
707 527 784 591 civis
796 544 872 590 suos
883 525 1033 604 princeps
1046 525 1116 603 opti·

137 632 205 676 mus
221 613 363 675 faciendo
380 615 480 687 docet,
497 629 630 688 cumque
645 613 685 674 sit
697 612 827 690 imperio
839 610 1002 686 maxirhus,
1020 626 1116 673 exero·

137 703 188 776 plo
206 699 304 759 maior
321 705 377 759 est.

105 796 121 847 1
224 782 367 843 CXXVII.
395 783 477 843 Raro
496 779 666 842 eminentes
680 779 740 841 viri
754 797 816 842 non
837 778 957 855 magnis
975 777 1116 864 adiutori·

136 867 195 929 bus
217 867 258 927 ad
280 867 511 943 gubernandam
532 865 685 926 fortunam
708 881 796 926 suam
816 863 867 924 usi
888 871 974 937 sunt,
1005 871 1041 924 ut
1061 863 1117 923 dno

121 950 301 1027 Scipiones
322 951 445 1011 duobus
460 947 588 1023 Laeliis,
613 965 693 1025 quos
714 965 770 1024 per
786 946 888 1009 omnia
909 953 1118 1023 aequaverunt

136 1035 204 1110 sibi,
220 1043 254 1096 ut
269 1035 360 1096 divus
372 1036 531 1110 Augustus
546 1033 586 1091 llll.
594 1031 734 1109 Agrippa
749 1040 780 1093 et
793 1031 933 1109 proxime
949 1032 989 1091 ab
1005 1047 1044 1093 eo
1056 1029 1118 1096 Sta·

136 1118 200 1180 tilio
216 1120 334 1192 Tauro,
357 1117 469 1192 quibus
491 1115 614 1177 novitas
635 1116 768 1177 familiae
788 1116 871 1176 haud
889 1113 1022 1189 obstitit,
1047 1129 1116 1191 quo

135 1202 299 1264 minusad
323 1200 500 1277 multiplicis
523 1202 702 1262 consulatus
723 1199 961 1275 triumphosque
984 1205 1016 1259 et
1040 1215 1116 1260 com·

105 1289 224 1363 aplura
253 1285 456 1346 eveherentur
485 1284 668 1345 sacerdotia.
708 1282 828 1344 Etenim
857 1299 968 1360 magna
998 1281 1116 1358 negotia

136 1369 256 1444 magnis
270 1367 462 1430 adiutoribus
478 1376 583 1444 egent;
600 1385 671 1429 nom
685 1385 763 1444 quoe
776 1372 877 1444 impar
889 1369 977 1445 operi
989 1368 1117 1429 auctori·

137 1459 198 1526 tus,
216 1450 385 1513 ministeria
400 1450 518 1522 delicit,
536 1449 726 1523 interestque
740 1450 944 1527 reipublicae,
960 1451 1049 1526 quod
1063 1466 1119 1511 usu

138 1535 365 1610 necessarium,
380 1544 411 1597 et
425 1535 571 1611 dignitate
586 1535 737 1608 eminere,
751 1535 983 1611 utilitatemque
989 1532 1118 1597 auctori·

104 1633 122 1688 3
137 1628 198 1682 tale
213 1618 334 1680 muniri.
358 1619 421 1681 Sub
436 1620 484 1681 his
501 1619 652 1695 exemplis
663 1619 706 1680 Ti.
715 1619 828 1680 Caesar
836 1618 983 1679 Seianum
990 1617 1117 1691 Aelium,

137 1704 278 1781 principe
299 1704 453 1780 equestris
477 1703 594 1764 ordinis
620 1711 854 1779 patronatum,
880 1710 1019 1765 materno
1049 1716 1118 1763 vcro

137 1803 251 1862 genere
266 1787 454 1848 clarissimas
468 1795 653 1863 veteresque
668 1795 699 1847 et
714 1785 844 1862 insignis
856 1785 1028 1848 honoribus
1041 1800 1118 1848 com·

137 1873 262 1946 plexum
278 1870 424 1943 familias,
441 1869 605 1930 habentem
621 1869 793 1930 consularis
809 1871 933 1944 france,
960 1866 1120 1933 consobri-

137 1969 211 2027 nos,
233 1954 432 2025 avunculum,
455 1951 558 2026 ipsum
577 1969 649 2013 vero
672 1954 786 2014 laboris
807 1970 844 2013 ac
862 1953 935 2015 lidei
952 1951 1119 2030 capacissi

137 2054 235 2109 mum,
257 2036 430 2097 sufficiente
451 2034 542 2095 etiarn
563 2035 661 2112 vigori
682 2037 774 2096 animi
795 2052 946 2113 compage
968 2035 1120 2114 corporis,

138 2120 324 2195 singularem
342 2117 558 2194 principalium
575 2136 702 2180 onerum
716 2120 888 2182 adiutorem
903 2121 934 2181 in
950 2120 1057 2183 omnia
1069 2120 1119 2180 ha·

137 2203 203 2264 buit
217 2211 310 2278 atque
324 2202 430 2273 habet,
448 2200 546 2263 virum
561 2203 734 2265 severitatis
749 2204 945 2280 laetissimae,
960 2202 1121 2266 hilaritatis

138 2286 276 2362 priscae,
299 2294 370 2347 actu
390 2287 499 2348 otiosis
521 2286 719 2363 simillimum,
742 2288 816 2349 nihil
836 2289 895 2351 sibi
915 2287 1121 2350 vindicantem

138 2387 240 2447 eoque
268 2371 491 2447 adsequentem
519 2370 636 2447 omnia,
666 2389 852 2448 semperque
881 2373 961 2433 inlra
991 2370 1120 2433 aliorum

137 2454 368 2517 aestimationes
392 2473 428 2518 se
448 2455 638 2529 metientem,
661 2459 748 2517 vultu
769 2456 892 2533 vitaque
913 2457 1120 2532 trarrquillum,

138 2538 239 2601 animo
258 2555 447 2601 exsomnem.

107 2637 123 2689 l
223 2623 380 2683 cxxvlll.
412 2625 446 2683 In
467 2622 559 2684 huius
579 2622 723 2683 virtutum
744 2622 955 2685 aestimatione
978 2621 1039 2682 iam
1061 2619 1123 2697 pri·

137 2709 207 2778 dem
228 2705 342 2766 iudicia
357 2706 489 2766 civitatis
508 2721 578 2765 curn
599 2703 722 2767 iudiciis
742 2705 891 2782 principis
913 2713 1047 2780 certant,
1068 2720 1124 2766 ne-

139 2805 200 2864 que
213 2804 315 2848 novus
330 2786 380 2847 hic
389 2804 458 2848 mos
470 2796 596 2850 senatus
610 2788 780 2866 populique
787 2788 918 2851 Romani
932 2798 980 2851 est
993 2787 1124 2866 putandi

105 2884 122 2936 2
137 2872 222 2947 quod
237 2869 385 2946 optimum
399 2871 448 2947 sit,
463 2888 536 2933 esse
550 2872 883 2935 nobilissimum.·Nam
898 2882 928 2934 et
938 2872 981 2934 illi
993 2871 1124 2948 antiqui,

138 2956 190 3032 qui
206 2962 275 3016 ante
291 2956 422 3031 primum
436 2956 549 3017 bellum
564 2956 711 3018 Punicum
725 2957 836 3017 abhinc
851 2972 950 3018 annos
965 2965 1121 3019 trecentos

136 3039 179 3100 Ti.
201 3039 442 3114 Coruncanium,
465 3039 620 3101 hominem
641 3058 769 3113 novum,
797 3057 867 3102 curn
887 3040 955 3100 aliis
978 3040 1124 3103 omuibus

136 3123 306 3184 honoribus
331 3132 393 3186 turo
417 3123 598 3199 pontificatu
620 3124 711 3185 etiarn
734 3123 867 3185 maximo
889 3125 929 3184 ud
950 3122 1125 3201 principale

137 3210 274 3269 extulere
291 3209 460 3285 fastigium,
478 3215 508 3269 et
524 3207 577 3283 qui
593 3207 730 3284 equestri
744 3209 814 3269 loco
829 3215 932 3267 natum
949 3206 1005 3284 Sp.
1018 3206 1124 3270 carvi-

136 3290 210 3351 lium
224 3298 255 3352 et
268 3308 342 3351 mox
357 3293 397 3352 M.
414 3291 574 3366 catonem,
591 3308 705 3353 novum
720 3291 811 3353 etiarn
826 3292 959 3353 Tusculo
975 3291 1063 3354 urbis
1077 3293 1126 3353 in·

137 3373 302 3448 quilinum,
316 3373 556 3452 Mummiumque
570 3375 740 3437 Achaicum
753 3374 784 3435 in
800 3377 994 3451 consulatus,
1011 3392 1126 3437 censu·

136 3472 189 3518 ras
212 3465 242 3519 et
262 3456 435 3535 triumphos
457 3475 646 3536 provexere,
670 3458 774 3535 etqui
796 3458 972 3519 C.Marium
998 3459 1126 3536 ignotae
