2340 3946
127 214 170 279 aa
392 215 432 276 n.
453 216 595 277 venum
614 217 831 279 sarnacum
925 191 929 199 ’

128 369 229 430 animo
243 368 333 441 vidit,
348 369 470 443 ingenio
483 371 664 445 complexus
678 377 739 443 est,
757 371 932 446 eloquentia
947 371 1090 432 inlumina

128 450 183 525 vit,
201 449 336 513 manebit
348 450 515 525 incolume,
535 452 674 514 comitem
689 452 757 514 aevi
765 454 812 514 sui
819 453 939 514 laudem
949 453 1090 516 ciceroni

127 535 240 608 trahet,
265 537 427 612 omnisque
443 535 607 612 posteritas
622 536 703 597 illius
723 537 796 597 inte
809 538 925 612 scripta
938 536 1090 600 mirabitur

127 627 210 680 tunm
226 621 255 679 in
268 636 338 681 enm
353 620 464 681 lactum
475 620 682 693 execrabitnr,
698 620 999 697 citiusqueemundo
1008 638 1090 697 genu

125 703 280 764 hominurn
312 720 403 780 quarn
433 705 594 779 [θίοονοοιίο
617 707 718 778 cloria
744 723 761 766 e
787 708 929 767 memoria
957 708 1090 767 docrinae

125 792 266 863 conquam]
281 788 378 849 cedet.

100 877 114 930 l
209 871 326 931 LXVll.
366 871 463 931 Huius
478 870 570 932 totius
587 871 732 946 temporis
747 873 899 933 fortunam
912 887 971 932 neo
989 872 1090 933 deilert

126 956 249 1031 quidem
261 956 423 1031 qnisquam
430 953 504 1015 satis
512 954 604 1028 digne
612 955 723 1029 potuit,
739 956 818 1016 adeo
830 971 919 1015 nemo
931 955 1090 1031 exprimo<

75 1088 77 1092 .
124 1039 228 1100 verbis
237 1045 354 1114 potest;
370 1036 399 1098 id
412 1038 754 1112 tamennotandumest‚
770 1039 902 1100 luissein
912 1039 1090 1117 proscriptos

125 1140 254 1185 uxorum
275 1122 368 1182 iidem
389 1137 552 1194 summam,
572 1120 747 1182 libertorum
768 1123 915 1196 mediam,
943 1140 1090 1186 servorun

126 1207 273 1282 aliquam,
295 1204 427 1266 filiorum
448 1206 576 1264 nnllam:
598 1205 677 1265 adeo
698 1205 830 1266 difficilis
856 1213 905 1267 est
928 1205 1090 1269 hominibus

98 1298 281 1364 unicunque
296 1296 464 1363 conceptae
479 1288 547 1364 spei
562 1305 656 1350 mora.
671 1289 857 1364 Nequidulli
867 1292 1090 1351 sanctnmrelin

126 1380 286 1447 queretur,
303 1371 428 1432 velutin
445 1373 547 1433 dotem
562 1371 850 1448 invitamenlunrquc
866 1374 993 1434 sceleris
1009 1377 1090 1436 Anto

125 1455 194 1516 nius
215 1455 249 1514 L.
272 1455 434 1516 Caesarem
455 1456 653 1530 avunculum,
679 1457 812 1533 Lepidus
832 1456 959 1518 Paulum
980 1460 1090 1519 iratren

125 1539 387 1615 proscripserant,
403 1541 579 1602 necPlanco
593 1541 690 1616 gratia
704 1540 800 1602 deluit
813 1541 852 1601 ad
868 1542 1090 1617 impetrandum

94 1627 157 1685 dut
171 1625 263 1684 irater
277 1624 344 1685 eius
358 1624 488 1685 Plancus
501 1623 615 1686 Plotius
631 1624 882 1699 proscriberetur.
902 1626 1012 1701 quue
1026 1626 1090 1695 inter

124 1708 211 1769 iocos
225 1707 377 1783 militaris,
393 1708 446 1783 qni
462 1724 582 1768 currum
592 1707 700 1785 Lepidi
714 1708 880 1783 Plancique
895 1709 991 1771 secuti
1008 1717 1090 1785 erant

123 1790 201 1853 inter
216 1792 441 1853 execrationem
455 1792 566 1852 civium
580 1792 770 1866 usurpabant
783 1792 863 1852 hunc
879 1808 1016 1853 versum=

164 1877 210 1937 Be
220 1880 386 1950 pomona,
400 1892 460 1936 non
473 1877 512 1936 de
527 1876 621 1935 Gallis
635 1877 693 1935 duo
707 1877 892 1951 triumphant
903 1882 1047 1939 consules.

96 1971 110 2024 l
208 1959 338 2019 LXVIII.
370 1958 432 2020 Suo
445 1957 638 2032 praeteritum
653 1959 721 2018 loco
733 1959 896 2028 reseratum
908 1975 1011 2034 neque
1024 1962 1090 2021 enin

126 2058 260 2118 persona
273 2044 412 2104 umbram
426 2047 513 2101 actae
526 2041 570 2100 rei
585 2040 675 2114 capit.
703 2041 782 2100 Dum
797 2042 826 2100 in
845 2042 911 2101 acie
920 2042 1090 2105 Pharsalica

124 2125 312 2203 [africaque]
327 2127 367 2185 de
380 2139 500 2185 summa
512 2139 612 2184 rerum
628 2122 741 2184 caesar
756 2124 890 2198 dimicat,
912 2125 953 2184 Μ.
969 2126 1090 2200 Coelius,

48 2252 50 2255 -
126 2210 170 2268 vir
185 2208 307 2284 eloquio
330 2207 495 2282 animoque
509 2206 632 2269 Curioni
646 2207 830 2284 simillimus,
853 2209 953 2270 sedin
969 2218 1090 2288 utroque

123 2291 287 2366 perfectior
301 2305 358 2351 nec
373 2289 473 2352 minus
494 2292 654 2367 ingeniose
668 2308 816 2369 nequam,
838 2310 906 2354 cum
927 2293 957 2353 in
979 2296 1090 2356 modica

124 2373 247 2451 quidem
261 2371 304 2413 **
318 2375 435 2436 servari
450 2384 573 2453 posset,
588 2376 719 2454 (quippe
729 2377 818 2452 peior
828 2376 871 2438 illi
881 2393 932 2438 res
944 2378 1090 2439 familiaris

123 2472 213 2534 quarn
228 2475 315 2520 mens
331 2464 409 2531 erat)
428 2460 458 2520 in
479 2467 621 2537 praetura
641 2478 789 2523 novarum
809 2463 979 2522 tabularum
996 2470 1090 2523 auctor

122 2540 406 2619 extititneqniitque
418 2551 544 2606 senatus
556 2552 588 2606 et
598 2545 734 2606 consulis
744 2545 924 2607 auctoritate
936 2545 1090 2614 deterreriq

122 2626 220 2688 accito
236 2628 326 2689 etiam
341 2628 454 2689 Milone
468 2628 584 2700 Annio,
608 2629 737 2702 quinon
756 2629 916 2704 impetrato
938 2629 1038 2690 reditu
1052 2632 1090 2690 lu·

121 2709 209 2771 lianis
226 2709 365 2786 partibus
379 2709 511 2772 infestus
526 2715 606 2783 erat,
622 2709 652 2770 in
667 2712 743 2773 urbe
760 2711 959 2788 seditionem,
972 2714 1003 2775 in
1021 2712 1090 2791 agria

121 2793 206 2852 hand
220 2794 341 2853 occulte
354 2793 497 2854 bellicum
512 2796 671 2854 tumultum
686 2812 832 2870 movens,
855 2798 954 2874 primo
969 2813 1090 2859 summo·

120 2879 168 2933 tus
184 2873 388 2948 erepublica,
407 2890 481 2935 mox
496 2874 708 2936 consularibus
729 2878 821 2937 armis
845 2886 970 2940 auctore
992 2885 1090 2940 senatu

93 2955 203 3022 dcirca
218 2956 349 3018 Thurios
366 2973 536 3034 oppressus
554 2966 612 3020 est.
633 2960 759 3035 Incepto
772 2961 839 3037 pari
854 2961 961 3020 similis
977 2964 1090 3023 fortuna

120 3039 243 3102 Milonis
264 3041 335 3116 luit,
357 3041 409 3118 qui
424 3041 589 3116 Compsam
602 3041 632 3102 in
647 3042 783 3119 Hirpinis
805 3060 991 3119 oppugnans
1005 3046 1090 3106 ictus·

122 3139 181 3199 qne
196 3125 299 3201 lapide
312 3134 375 3187 tum
388 3125 419 3184 Ρ.
434 3123 555 3198 Clodio,
571 3132 635 3187 lum
652 3128 782 3202 patriae,
799 3143 891 3202 quarn
906 3129 999 3190 armis
1015 3136 1090 3204 pete

118 3206 185 3281 bat,
203 3223 320 3284 poenas
335 3207 432 3279 dedit,
454 3209 499 3269 vir
513 3209 634 3284 inquies
649 3217 679 3271 et
693 3214 772 3272 ultra
786 3212 894 3270 fortem
909 3212 1090 3272 temerarius.

92 3299 108 3353 ³
120 3289 278 3364 Quatenus
287 3298 389 3353 antem
396 3293 511 3368 aliquid
519 3309 558 3354 err
567 3293 691 3354 omissis
698 3302 785 3369 peto,
800 3298 922 3354 notetur
936 3295 1090 3356 immodica

121 3381 151 3435 ct
164 3373 379 3450 intempestiva
397 3376 534 3438 libertate
548 3393 624 3439 usos
639 3377 789 3438 adversus
811 3375 843 3438 0.
858 3377 1020 3438 Caesarem
1034 3379 1090 3438 Μο-

119 3459 230 3521 rullum
253 3458 395 3536 Epidiurn
416 3459 604 3537 Flauumque
629 3459 799 3522 Caesetium
823 3461 963 3523 tribunos
988 3462 1090 3539 plebis
