2340 3946
204 222 415 285 HISTORIAE
436 224 629 287 ROMANAE
651 224 692 300 ll,
712 235 757 290 80.
924 229 966 292 63

71 373 158 448 prius
173 375 386 451 despondente
401 374 430 434 ei
443 375 580 451 Nerone,
600 378 650 438 cui
665 385 734 438 anto
749 385 844 455 nupta
858 381 965 454 iuerat,

72 474 117 531 rn,
132 459 299 535 auspicatis
311 459 497 534 reipublicae
510 460 965 524 ominibusduxisseteamuxo-

83 540 230 616 Pompeio
246 542 431 616 Siciliaeque
450 543 563 603 bellum
577 543 684 605 intulit.
721 545 783 606 Sed
798 547 895 606 virum
910 547 996 610 hu·3

71 641 148 700 iope
161 625 304 686 invictum
316 626 448 701 graviter
459 641 496 686 eo
510 634 647 703 tempore
659 629 780 689 fortuna
794 631 965 692 concussio

71 724 105 783 pe
125 709 218 783 longe
232 711 378 770 maiorem
400 716 516 785 partem
531 712 641 771 elassis
657 712 739 772 cirea
752 714 871 773 Veliam
887 714 965 775 Pali-

71 808 118 867 [ue
134 792 375 868 promontorium
390 793 497 853 adorta
510 794 559 854 vis
574 794 669 855 Atriei
689 796 836 857 laceravit
850 813 887 857 ae
903 798 965 857 dis·

83 876 128 936 Ea
143 878 291 952 patrando
313 877 392 937 bello
408 892 494 936 mora
509 878 578 952 luit,
599 880 683 955 quod
705 884 814 954 postea
830 879 923 940 dubia
938 888 996 944 etl

71 960 137 1019 dum
147 961 270 1036 ancipiti
282 961 529 1035 tortunagestum
541 969 602 1022 est:
615 979 685 1022 nam
697 970 727 1024 et
738 962 848 1023 elassis
856 965 965 1024 eodem

71 1051 182 1104 vexata
192 1051 240 1105 est
253 1050 433 1120 tempestate
442 1051 472 1104 et
481 1052 514 1105 ut
528 1046 628 1106 navali
639 1046 737 1120 primo
752 1046 868 1121 proelio
883 1048 966 1122 apud

72 1143 88 1187 s
104 1129 198 1188 ductu
211 1127 369 1203 Agrippae
386 1136 553 1203 pugnatum
567 1147 731 1204 prospere,
753 1131 794 1190 ita
808 1130 965 1206 inopinato

72 1211 98 1270 is
119 1213 252 1272 adventu
272 1213 374 1286 gravis
396 1212 453 1271 sub
480 1212 577 1288 ipsius
599 1213 739 1274 Caesaris
766 1215 862 1274 oeulis
884 1213 966 1274 eirea

71 1296 221 1355 omentum
242 1304 370 1372 accepta
390 1295 511 1363 cladem
532 1313 633 1372 neque
652 1298 692 1358 ab
713 1297 782 1372 ipso
799 1298 966 1373 periculum

71 1384 94 1439 t.
132 1380 296 1453 Legiones,
320 1395 399 1455 quae
415 1394 483 1438 eum
499 1379 660 1442 Cornificio
675 1388 762 1442 erant
774 1382 874 1456 legato
891 1381 964 1442 Cae-

76 1508 83 1535 ,
106 1461 264 1537 expositae
285 1464 446 1522 interram
468 1479 567 1537 paene
588 1481 606 1524 a
625 1464 771 1540 Pompeio
793 1479 965 1540 oppressae

106 1545 168 1606 Sed
184 1546 323 1622 ancipitis
338 1548 459 1606 fortuna
473 1548 620 1620 temporis
636 1556 753 1608 mature
773 1547 883 1608 virtute
899 1562 994 1614 cor-5

80 1652 86 1684 ι
108 1630 267 1704 explicatis
283 1631 398 1705 quippe
412 1628 573 1703 utriusque
588 1631 683 1705 partis
699 1629 851 1690 classibus
866 1646 966 1704 paene

72 1712 130 1773 bus
154 1720 264 1774 exutus
290 1714 419 1772 navibus
444 1712 607 1793 Pompeius
633 1714 739 1773 Asiam
766 1714 837 1787 luga
861 1713 966 1789 petivit

71 1812 137 1871 tque
151 1796 191 1858 M.
205 1798 336 1869 Antoni,
359 1798 445 1857 cuius
461 1811 551 1871 opem
568 1796 708 1871 petierat,
731 1797 802 1873 dum
819 1797 897 1857 inter
910 1797 965 1858 du·

76 1887 106 1939 et
120 1880 290 1955 supplicem
311 1881 506 1940 tumultuatur
520 1887 551 1939 et
564 1896 644 1941 nunc
659 1879 834 1955 dignitatem
848 1878 965 1955 retinet,

82 1964 172 2022 vitam
188 1971 341 2038 precatur,
365 1963 471 2024 aTitio
486 1964 638 2038 iugulatus
658 1971 719 2038 est,
742 1963 791 2023 eui
807 1965 966 2024 intantum

71 2047 110 2105 vit
124 2047 183 2106 hoc
197 2046 334 2107 facinore
349 2054 536 2109 contractum
551 2048 670 2122 odium,
690 2053 724 2108 ut
743 2064 816 2108 mox
829 2047 920 2107 ludos
935 2047 965 2106 in

71 2147 106 2189 ro
130 2129 254 2205 Pompei
280 2131 397 2191 iaciens
428 2132 622 2193 execratione
646 2131 754 2207 populi
779 2132 965 2206 spectaculo,

71 2216 74 2272 l
92 2214 271 2289 praebebat,
288 2215 459 2290 pelleretur.

73 2296 187 2356 LXXX.
226 2296 390 2358 Aceiverat
410 2313 520 2372 gerens
537 2305 644 2358 eontra
656 2297 833 2372 Pompeium
853 2298 991 2367 belluml

72 2381 148 2439 lriea
164 2379 276 2441 Caesar
289 2381 439 2455 Lepidum
457 2397 525 2441 eum
546 2381 710 2441 duodecim
731 2381 908 2456 semiplenis
922 2383 964 2440 le·
986 2411 991 2421 ·
1026 2429 1035 2434 .

72 2464 141 2524 bus.
177 2463 233 2524 Hie
247 2464 295 2523 vir
309 2465 443 2525 omnium
458 2463 644 2524 vanissimus
660 2479 760 2539 neque
781 2465 842 2524 ulla
857 2464 995 2532 virtutee

72 2562 183 2621 angam
194 2547 334 2608 fortunae
345 2548 562 2622 indulgentiam
573 2547 697 2606 meritus
705 2545 964 2607 exereitumPom-

72 2631 145 2706 quia
158 2631 287 2706 propior
300 2631 412 2704 luerat,
428 2640 609 2708 sequentem
623 2648 684 2692 non
706 2629 804 2705 ipsius
820 2629 877 2689 sed
892 2629 964 2689 Cae·

83 2715 291 2776 auctoritatem
304 2731 340 2774 ac
354 2715 460 2786 fidem,
475 2715 533 2775 sibi
551 2716 692 2776 iunxerat
705 2713 890 2788 inflatusque
903 2728 966 2772 am·

85 2796 191 2872 viginti
212 2797 365 2871 legionum
379 2813 504 2858 numero
525 2797 606 2858 inid
627 2798 739 2859 luroris
761 2804 965 2873 processerat,

71 2881 141 2942 rtilis
155 2882 272 2939 alienae
285 2879 431 2939 victoriae
444 2896 563 2954 comes,
579 2898 670 2957 quam
685 2882 738 2942 diu
752 2888 888 2942 moratus
903 2888 969 2941 erat

71 2964 171 3038 dendo
198 2963 227 3023 in
253 2961 389 3023 consiliis
406 2961 545 3023 Caesaris
572 2971 602 3023 et
622 2979 746 3038 semper
764 2963 889 3023 diversa
909 2964 967 3039 his,

83 3049 150 3108 aliis
174 3046 350 3123 placebant,
373 3045 519 3118 dicendo,
541 3051 634 3104 totam
655 3044 812 3105 victoriam
832 3053 866 3107 ut
880 3063 967 3108 suam

71 3131 246 3206 prolabatur
258 3129 452 3204 audebatque
464 3127 642 3189 denuntiare
650 3128 788 3201 caesari,
805 3129 967 3190 excederet

71 3219 103 3276 ia.
126 3215 238 3275 Nonab
247 3213 442 3290 Scipionibus
457 3212 587 3286 aliisque
598 3210 998 3276 veteribusRomanerum3

71 3317 104 3361 ‚m
122 3298 287 3374 quiequam
308 3314 417 3358 ausum
432 3303 642 3372 patratumque
662 3292 769 3355 fortius
791 3309 882 3373 quam
896 3299 967 3354 tunc

71 3398 168 3444 esarez
185 3381 834 3458 quippeeuminermisetlaeernatusesset,
846 3384 969 3452 praeter

71 3483 103 3528 en
116 3466 189 3526 nihil
200 3466 323 3527 trahens
336 3466 495 3541 ingressus
508 3472 608 3526 eastra
614 3463 737 3541 Lepidi,
752 3461 872 3526 evitatis
889 3476 968 3538 quoe
