2340 3946
273 115 483 180 nrsroamn
503 113 696 177 nonnula
717 113 758 187 11,
780 121 824 176 ar.
997 109 1040 176 ai

57 274 160 352 ginta,
186 272 325 333 omnibus
346 269 480 331 omnium
501 268 635 343 gentium
657 266 729 326 viris
753 264 962 341 magnitudine
982 282 1040 326 sua

58 358 243 420 inducturus
264 353 433 428 caliginem.
466 353 529 411 lam
545 364 643 426 paene
665 365 927 425 supervacaneum
943 349 1071 410 videris

59 447 170 519 potest¹
177 437 370 500 eminentium
384 435 574 511 ingeniorum
589 440 694 494 notare
709 441 863 508 tempores
879 434 948 510 quis
961 432 1040 493 enim

59 529 184 602 ignorat
197 523 363 597 diremptos
384 518 529 596 gradibus
544 518 652 579 aetatis
667 516 811 579 floruisse
827 517 887 578 hoc
903 525 1041 593 tempore

61 610 256 679 Ciceronem,
284 603 494 677 Hortensium,
524 608 657 676 anteque
684 600 857 675 Antonium,
887 602 1039 675 Crassum,

61 693 196 764 Cottam,
213 689 396 764 Sulpicium,
412 702 547 762 moxque
561 687 701 758 Brutum,
718 684 879 757 Calidium,
896 685 1040 759 Coelium,

61 777 197 850 Calvum,
212 780 243 858 et
256 771 429 848 proximum
440 768 579 832 Ciceroni
590 769 761 843 Caesarem,
777 784 945 843 corumque
959 771 1043 828 velut

61 861 203 920 alumnos
219 856 382 918 Corvinum
403 869 439 914 ac
459 854 626 915 Pollionem
645 851 802 923 Asinium,
828 853 1042 928 aemulumque

60 941 252 1020 Thucydidis
267 938 444 1000 Sallustium
465 944 668 1012 auctoresque
691 935 856 996 carminum
869 936 1042 994 Varronem

58 1038 98 1082 ac
111 1020 303 1095 Lucretium,
327 1036 430 1096 neque
444 1021 505 1081 ullo
530 1019 561 1081 in
583 1019 722 1096 suscepti
746 1018 849 1095 operis
869 1019 917 1078 sui
933 1034 1044 1093 putere

59 1105 218 1185 [carmine]
234 1103 381 1166 minorem
399 1105 558 1166 Catullum.
584 1107 686 1166 Paene
701 1104 794 1163 stulta
815 1107 864 1164 est
883 1100 1071 1161 inhaerent

58 1189 134 1250 tium
153 1187 251 1249 oculis
267 1186 459 1264 ingeniorum
482 1187 687 1260 enumeratio,
711 1186 792 1247 inter
809 1202 890 1261 quae
910 1183 1044 1245 maxime

58 1272 158 1334 nostri
181 1269 251 1332 aevi
268 1270 401 1332 eminent
426 1271 571 1349 princeps
594 1273 761 1333 carminum
783 1267 938 1345 Vergilius
952 1266 1045 1330 Rebi·

57 1355 188 1430 riusque
203 1360 234 1416 et
264 1362 452 1417 consecutus
474 1354 652 1417 Sallustium
666 1353 772 1416 Livius
793 1353 992 1428 Tibullusque
1015 1360 1046 1413 et

58 1440 159 1512 Naso,
176 1437 393 1515 perfectissimi
407 1436 438 1497 in
454 1439 554 1497 iorma
568 1438 671 1514 operis
689 1436 750 1510 sui;
767 1453 836 1496 nam
854 1437 994 1497 vivorum
1012 1443 1046 1496 ut

59 1538 175 1596 magna
192 1518 351 1581 admiratio
366 1519 410 1580 ita
426 1536 558 1582 censura
576 1518 709 1580 dilficilis
727 1527 782 1580 est.

146 1604 293 1663 XXXVll.
323 1605 402 1665 Dum
416 1603 493 1664 haec
507 1605 537 1662 in
551 1604 627 1664 urbe
640 1604 787 1676 Italiaque
807 1613 968 1681 geruntur,
990 1606 1042 1668 cn.
1056 1617 1072 1670 1

60 1687 229 1762 Pompeius
255 1688 451 1748 memorabile
476 1688 626 1747 adversus
651 1687 859 1762 Mithridaten,
892 1688 945 1765 qui
970 1696 1042 1765 post

61 1771 181 1832 Luculli
195 1771 416 1846 protectionem
431 1787 557 1845 magnas
573 1769 645 1831 novi
660 1774 813 1832 exercitus
827 1771 901 1834 viris
916 1788 1040 1849 repara·

62 1861 158 1926 verat,
174 1853 287 1914 bellurn
300 1852 405 1930 gessit.
427 1855 469 1915 At
481 1871 536 1914 rex
552 1855 639 1915 husus
654 1857 840 1931 fugatusque
855 1863 885 1917 et
899 1856 1040 1919 omnibus
1055 1871 1072 1922 2

63 1945 174 1999 exutus
191 1937 289 2012 copiis
303 1937 477 1999 Armeniam
491 1939 704 2015 Tigranenque
719 1955 861 2000 socerum
877 1940 973 2016 petiit,
993 1956 1041 2000 re-

62 2037 131 2097 gem
147 2022 214 2081 eius
234 2023 396 2097 temporis,
418 2021 477 2083 nisi
493 2039 554 2098 qua
567 2021 685 2086 Luotdli
698 2023 791 2084 annis
806 2029 871 2084 erat
883 2023 1040 2099 intractus,

63 2103 319 2181 potentissimum.
351 2105 446 2166 Simul
465 2106 569 2181 itaque
585 2107 664 2168 duos
680 2115 861 2182 persecutus
875 2109 1040 2184 Pompeius

62 2187 377 2250 intravithrmeniam.
398 2188 485 2250 Prior
496 2189 577 2249 filius
588 2189 736 2265 Tigranis,
752 2193 808 2252 sed
820 2190 942 2254 discors
955 2193 1074 2268 petris

63 2272 204 2350 pervenit
217 2272 257 2331 ad
270 2271 465 2347 Pompeium,
480 2288 552 2331 mox
566 2270 636 2346 ipse
650 2275 784 2349 supplex
799 2283 829 2335 et
842 2291 992 2350 praesens
1007 2289 1042 2336 se

63 2371 254 2431 regnumque
263 2353 377 2416 dicioni
388 2355 454 2416 eius
468 2354 613 2430 permisit,
625 2358 781 2430 praelatus
793 2359 942 2418 neminem
950 2357 1042 2419 aliurn

63 2455 165 2516 neque
172 2440 343 2501 Romanum
354 2455 456 2514 neque
466 2439 557 2500 ullius
569 2440 668 2514 gentis
679 2439 777 2500 vuum
790 2440 922 2501 luliarum
935 2442 1041 2512 luisse,

64 2524 152 2585 cuius
167 2539 203 2583 se
218 2522 356 2584 societati
376 2523 596 2584 commissurus
617 2523 711 2597 toret,
738 2539 829 2600 quarn
845 2525 897 2585 Cn.
912 2524 1042 2599 Pompe-

63 2605 143 2679 ium;
169 2607 301 2683 proinde
322 2623 442 2668 omnem
463 2604 522 2668 sibi
543 2608 592 2667 vel
613 2609 774 2670 adversum
794 2610 844 2669 vel
864 2609 1042 2682 secundam,

64 2691 153 2752 cuius
178 2698 285 2752 auctor
307 2691 358 2752 ille
379 2697 478 2765 esset,
504 2691 657 2753 fortunam
682 2691 871 2754 tolerabilem
895 2693 1042 2764 iuturam;

63 2792 126 2837 non
148 2790 221 2836 esse
241 2783 331 2850 turpe
351 2775 390 2835 ab
411 2790 449 2835 eo
469 2775 567 2848 vinci,
591 2790 681 2850 quem
703 2775 827 2836 vincere
842 2784 926 2837 esset
945 2779 1043 2850 nelos,

63 2875 167 2935 neque
181 2858 342 2921 inhoneste
357 2858 488 2934 aliquem
501 2858 643 2918 summitti
657 2859 736 2932 truie,
752 2874 843 2933 quem
857 2859 979 2920 fortuna
993 2875 1043 2920 su-

64 2958 121 3019 per
143 2942 242 3005 omnis
262 2942 432 3004 extulisset.
467 2941 616 3002 Servatus
636 2941 701 3017 regi
720 2941 823 3002 honos
838 2941 960 3016 imperi,
987 2941 1073 3001 sede

65 3028 190 3090 multato
205 3025 320 3103 ingenti
334 3025 476 3103 pecunia,
492 3041 572 3101 quae
587 3024 700 3100 omnis,
717 3025 805 3086 sicuti
818 3024 964 3099 Pompeio
979 3041 1042 3085 mo-

63 3111 108 3173 ris
122 3118 202 3185 erat,
221 3112 348 3172 redacta
361 3110 392 3173 in
408 3108 579 3186 quaestoris
594 3115 778 3186 potestatem
793 3124 830 3170 ac
844 3108 975 3184 publicis
990 3110 1043 3169 de·

65 3196 182 3271 scripta
202 3193 319 3256 litteris.
352 3195 443 3274 Syria
457 3194 611 3269 aliaeque,
635 3209 713 3270 quas
729 3199 950 3269 occupaverat,
973 3206 1043 3267 pro-

65 3276 186 3340 vinciae
200 3285 325 3355 ereptae
341 3286 372 3340 et
390 3279 469 3340 aliae
488 3275 645 3339 restitutae
661 3279 776 3353 populo
792 3278 947 3351 Romano,
966 3274 1045 3336 aliae

67 3369 129 3424 tum
143 3361 276 3439 primum
289 3360 320 3423 in
335 3363 402 3424 eius
417 3369 600 3437 potestatem
612 3363 772 3435 redactae,
792 3368 825 3421 ut
841 3361 945 3440 Syria,
964 3373 1045 3436 quae
