2370 3946
278 239 493 304 HISTORIAE
505 238 699 301 ROMANAE
714 238 736 312 l,
752 247 796 299 15.
995 235 1035 300 ll

36 398 109 459 sine
125 391 281 467 suffragio
297 392 371 451 data
385 388 509 461 civitas;
525 389 557 449 id
573 395 672 448 actum
688 396 758 450 ante
772 406 871 451 annes
884 396 1037 452 trecentos

38 479 162 559 viginti.
193 478 236 537 At
250 475 363 536 Cosam
378 481 408 533 et
421 474 564 537 Paestum
578 473 689 532 abhinc
700 488 798 533 annos
813 476 908 534 terme
919 483 1036 536 trecen-
1051 483 1068 538 6

39 559 200 627 tosFabio
214 561 360 621 Dorsone
373 564 403 618 et
410 557 537 618 Claudio
553 557 667 617 canina
678 556 867 632 consulibus,
879 559 1036 623 interiecto

43 644 263 724 quinquennio
280 642 465 717 Sempronio
480 639 587 715 Sopho
602 648 632 700 et
645 641 759 716 Appio,
775 641 863 700 Caeci
877 643 949 716 nno,
963 634 1035 703 cori·

42 730 165 793 sulibus
180 727 355 789 Ariminum
374 732 405 786 et
422 725 631 785 Beneventum
647 725 748 785 coloni
763 724 850 784 missi
864 732 895 785 et
909 724 1035 802 suffragi

41 814 165 875 terendi
186 813 236 872 ius
252 809 377 872 Sabinis
401 809 512 869 datum.
553 810 595 868 At
618 808 702 870 initio
726 808 815 885 primi
839 808 911 868 betti
931 809 1067 876 Punici?

10 930 16 965 ι
41 898 180 961 Firmum
202 901 235 957 et
249 895 389 955 Castrum
405 893 524 952 colonis
540 901 689 968 occupata
707 901 737 953 et
759 900 831 967 post
848 908 960 953 annum
974 896 1035 954 Ae-

10 976 13 983 '
45 982 149 1042 sernia
157 986 298 1056 postque
310 979 419 1038 decem
431 982 461 1035 et
471 984 589 1052 septem
601 979 856 1038 annosAesulum
872 977 1034 1054 etAlsium,

44 1065 269 1141 Fregenaeque
284 1068 359 1138 post
371 1060 542 1134 biennium,
565 1063 769 1136 proximoque
785 1077 865 1121 auno
879 1061 1034 1136 Torquato

46 1146 299 1224 sempronioque
315 1143 495 1207 consulibus
510 1145 721 1220 Brundisium,
743 1153 773 1206 et
787 1153 859 1220 post
874 1144 1035 1205 triennium

48 1231 233 1308 Spoletium,
262 1244 326 1305 quo
348 1244 430 1288 anno
443 1227 607 1289 Floralium
628 1230 770 1290 ludorum
790 1231 902 1290 lactum
916 1235 964 1289 cst
978 1228 1033 1287 ini-

10 1324 14 1365 :
48 1316 135 1386 tium;
147 1320 286 1390 postque
296 1312 454 1373 biennium
465 1312 598 1373 deducta
604 1314 745 1374 Valentia
756 1320 786 1373 et
800 1314 857 1374 sub
869 1314 1034 1373 adventum

10 1408 15 1417 “
10 1398 76 1471 iu
89 1399 208 1460 ltaliam
223 1395 406 1457 Hannibalis
423 1396 571 1457 Cremona
586 1405 678 1473 atque
692 1397 854 1458 Placentia

12 1476 31 1541 Si
125 1482 195 1541 XV.
238 1479 359 1540 Dernde
373 1496 476 1555 neque
492 1481 564 1540 dum
577 1480 750 1541 Hannrbat
742 1499 772 1541 m
787 1482 873 1543 ltaha
887 1487 1060 1554 moraturi

10 1558 32 1615 sl
27 1580 147 1662 ,neque
164 1564 316 1641 proximis
333 1572 406 1641 post
421 1579 584 1624 excessum
599 1566 665 1625 eius
681 1565 768 1624 anuis
786 1564 908 1624 vacavit
920 1566 1031 1625 Roma·

10 1606 34 1698 l
52 1649 94 1711 nis
115 1647 260 1711 colonias
285 1649 438 1719 condere,
464 1662 533 1707 cum
554 1656 638 1708 esset
659 1647 689 1705 in
705 1648 785 1707 betto
802 1647 1031 1721 conquirendas

53 1733 149 1807 potius
164 1731 255 1793 mites
268 1749 360 1808 quam
375 1731 581 1805 dimittendus
598 1740 628 1792 at
640 1738 714 1805 post
727 1730 840 1791 bellum
854 1732 936 1790 vires
950 1731 1030 1791 relo-

10 1817 171 1893 rendae¹
180 1817 281 1890 magis
298 1833 390 1891 quam
406 1815 610 1890 spargendae
636 1815 688 1875 Cn.
711 1823 811 1877 autem
826 1814 939 1876 Manlio
956 1816 1031 1875 Vol·
1045 1824 1063 1877 a

10 1905 35 1957 111
53 1914 123 1960 rone
137 1907 170 1961 et
182 1899 292 1960 Fulvio
308 1900 463 1959 Nobiliore
478 1900 657 1960 consulibus
670 1901 812 1960 Bononia
833 1899 964 1960 deducta
979 1915 1031 1960 co·

10 1960 35 2039 til
53 1981 128 2043 tonia
140 1983 255 2043 abhinc
270 1999 369 2043 annos
389 1985 483 2043 terme
498 1984 647 2045 ducentos
674 1985 883 2060 septendecim
905 1991 935 2044 et
959 1988 1032 2058 post

12 2072 26 2114 e
53 2065 283 2142 quadriennium
297 2066 457 2126 Pisaurum
468 2083 504 2127 ac
517 2067 655 2128 Potentia
669 2068 888 2143 interiectoqua
901 2066 1031 2128 triennio

10 2157 15 2195 ι
51 2149 189 2227 Aquileia
202 2157 233 2210 et
248 2150 397 2210 Grauisca
411 2157 442 2211 et
455 2158 527 2226 post
541 2152 773 2226 quadriennium
786 2152 879 2213 Luca.
913 2149 1062 2213 Ecdeme

10 2239 28 2295 P
52 2238 218 2311 temporum
233 2240 347 2309 tractu,
374 2251 560 2310 quamquam
585 2236 668 2310 apud
688 2237 839 2313 quosdam
861 2236 1031 2311 ambigitur,

10 2323 14 2361 ²
52 2314 191 2379 Puteolos
208 2317 433 2393 Salernumque
459 2325 489 2377 et
501 2320 673 2379 Buxentum
688 2319 775 2381 missi
799 2320 909 2394 coloni,
934 2319 1029 2381 Auxi-

10 2439 29 2479 3
51 2414 125 2463 mum
140 2409 245 2463 autem
259 2401 290 2461 iu
301 2401 445 2462 Picenum
460 2401 571 2461 abhinc
587 2418 685 2462 anuos
702 2404 796 2463 terme
811 2411 930 2462 centum
945 2411 1029 2465 octo-

10 2487 29 2530 ‚n
51 2483 127 2559 tiata
142 2487 291 2562 quinque,
307 2493 377 2546 ante
391 2485 552 2546 triennium
568 2502 658 2560 quam
675 2484 800 2546 Cassius
816 2502 928 2546 censor
943 2489 1030 2547 aLu·

10 2573 24 2615 u
50 2571 160 2642 perculi
175 2567 208 2628 in
218 2568 364 2631 Palatium
379 2586 490 2629 versus
505 2570 654 2629 theatrum
669 2571 771 2629 iacere
785 2569 920 2644 instituit,
938 2569 988 2630 cui
997 2571 1029 2629 in

11 2657 27 2698 ⁰·
51 2666 83 2713 eo
105 2650 265 2715 moliendo
289 2654 400 2714 eximia
427 2654 556 2714 civitatis
581 2653 730 2715 severitas
751 2661 781 2715 et
802 2654 910 2716 consul
925 2652 1029 2728 Scipio

10 2735 26 2780 ³⁵
48 2737 202 2812 restitere,
226 2737 312 2813 quod
336 2752 395 2812 ego
415 2735 495 2797 inter
516 2738 686 2798 clarissima
707 2739 849 2814 publicae
864 2738 1029 2801 voluntatis

10 2822 23 2900 t
48 2825 225 2896 argumenta
238 2822 472 2881 numeraverim.
499 2821 606 2882 Cassio
623 2830 722 2884 autem
733 2823 873 2898 Longino
888 2833 918 2886 et
925 2824 1030 2886 Sextio
1044 2834 1063 2887 t

48 2901 181 2979 Calvino,
198 2906 252 2981 qui
266 2904 387 2964 Sallues
400 2905 482 2979 apud
498 2922 610 2980 aquas,
634 2922 713 2982 quae
731 2908 769 2967 ab
784 2923 822 2968 eo
838 2907 960 2970 Sextiae
975 2925 1030 2984 ap·

21 3013 23 3022 >
48 2989 216 3062 pellantur,
233 2988 359 3062 devicit,
381 2988 560 3049 consulibus
580 2989 756 3051 Fabrateria
770 2992 903 3052 deducta
917 3000 964 3053 est
975 2992 1027 3051 ab

10 3069 22 3113 i
46 3066 112 3133 hrue
123 3087 228 3133 annos
239 3072 335 3132 terme
347 3078 467 3132 centurn
479 3073 699 3149 qmnquagmta
710 3075 774 3150 tris,
794 3083 824 3135 et
836 3083 906 3149 post
918 3092 1029 3136 annum

10 3155 20 3195 '¹
45 3150 223 3219 Scolacium
247 3154 437 3230 Minervium,
452 3155 563 3217 Terent
551 3165 613 3217 tum
633 3159 800 3234 Neptunia3
817 3159 1029 3236 Carthagoque

10 3274 11 3279 ι
45 3234 314 3314 iuAlhicaprima,
329 3245 363 3298 ut
373 3239 591 3314 praediximus
604 3243 814 3304 extrattalmm
826 3245 945 3306 colonia
957 3260 1028 3306 con

44 3318 104 3385 dita
117 3331 178 3385 est
207 3323 254 3382 De
269 3321 404 3382 Dertona
419 3325 597 3398 ambigitur,
626 3325 726 3386 Narbo
743 3335 842 3389 autem
857 3329 1007 3392 Martius
998 3338 1061 3390 mo

42 3404 139 3468 Gallia
159 3405 272 3466 Porcio
286 3403 465 3481 Marcioque
481 3407 660 3468 consulibus
675 3409 786 3470 abhinc
798 3429 896 3475 annos
911 3414 1030 3474 circiter

41 3490 166 3553 centum
181 3488 386 3566 quadraginta
399 3506 457 3550 sex
468 3491 601 3553 deducta
612 3492 732 3552 colonia
748 3502 811 3568 esta
827 3505 902 3573 pest
912 3499 1029 3558 dudae
