2370 3946
158 191 200 254 68
428 189 468 249 Μ.
489 189 632 250 VELLEI
653 189 870 250 PATERCULI

157 344 332 405 Parmensis
355 342 479 403 Cassius
501 349 600 404 morte
620 358 739 418 poenas
762 342 860 416 dedit,
882 349 915 403 ut
934 343 1064 404 dederat
1081 344 1140 420 pri·

158 446 227 489 mus
242 427 422 487 Trebonius.

127 524 143 574 1
239 511 426 571 LXXXVIII.
448 512 526 571 Dum
538 511 671 570 ultimam
682 508 763 570 bello
777 510 905 573 Actiaco
916 512 1142 576 Alexandrino·

160 612 220 672 que
235 595 349 654 Caesar
362 595 491 671 imponit
509 610 646 667 manum,
671 592 712 651 Μ.
727 594 877 670 Lepidus,
903 594 1024 657 iuvenis
1045 599 1146 660 forma

159 695 250 756 quam
267 686 369 739 mente
384 680 506 753 melior,
527 677 636 752 Lepidi
652 677 718 738 eius
735 679 787 753 qui
807 680 943 740 triumvir
964 680 1065 743 luerat
1085 683 1143 743 rei·

159 763 300 841 publicae
316 761 564 834 constituendae,
586 759 682 834 filius,
705 763 790 822 Iunia
803 762 889 823 Bruti
909 779 1020 825 sorore
1041 774 1141 840 natus,

158 848 367 921 interficiendi,
383 848 473 908 simul
487 847 517 906 in
531 846 637 905 urbem
651 845 838 920 revertisset,
856 847 996 908 Caesaris
1013 851 1143 912 consilia

125 931 274 993 Iinierat.
306 932 390 991 Tunc
415 931 500 991 urbis
527 927 676 990 custodiis
698 932 896 1006 praepositus
919 932 949 992 C.
964 931 1139 1011 Maecenas,

157 1016 294 1093 equestri
310 1016 366 1076 sed
381 1013 544 1090 splendido
561 1029 675 1088 genere
688 1022 788 1092 natus,
804 1014 859 1090 vir,
874 1015 925 1075 ubi
940 1032 991 1077 res
1006 1017 1140 1094 vigiliam

157 1100 308 1176 exigeret,
323 1115 398 1158 sane
413 1097 587 1169 exsomnis,
610 1097 778 1173 providens
793 1106 886 1175 atque
900 1099 1012 1174 agendi
1027 1103 1137 1176 scIens,

158 1183 246 1245 simul
262 1199 336 1243 vero
351 1181 467 1257 aliquid
481 1197 521 1240 ex
536 1181 659 1257 negotio
674 1183 784 1243 remItti
797 1191 916 1258 posset,
935 1185 996 1246 otio
1013 1201 1051 1246 ac
1066 1189 1139 1247 mol·

157 1268 228 1328 litiis
254 1281 353 1341 poene
377 1267 456 1326 ultra
481 1264 623 1326 seminam
648 1264 764 1339 iluenS,
791 1283 851 1328 non
877 1265 979 1329 minus
1000 1269 1139 1346 Agrippa

158 1349 283 1410 Caesari
298 1365 397 1423 carus,
414 1350 472 1410 sed
483 1349 584 1410 miuus
598 1350 767 1411 honoratus
782 1353 914 1427 (quippe
927 1352 1004 1412 vixit
1019 1354 1139 1428 angusti

159 1434 236 1493 clavi
248 1437 309 1506 fine
324 1437 498 1504 contentus)
513 1449 570 1494 nec
585 1435 702 1495 minora
717 1437 867 1511 consequi
882 1436 989 1510 potuit,
1006 1436 1065 1497 sed
1080 1453 1139 1499 non
1184 1509 1185 1514 ἵ

124 1524 216 1578 atam
233 1516 418 1592 concupivit.
443 1517 499 1578 Hic
515 1518 691 1594 speculatus
707 1526 755 1580 est
769 1536 825 1595 per
840 1535 989 1580 summam
1006 1521 1140 1596 quietem
1183 1523 1185 1574 l

157 1617 194 1662 ac
219 1600 493 1662 dIss‘nnulationem
517 1601 693 1678 praecipitis
719 1604 848 1664 consilia
870 1605 991 1664 iuvenis
1014 1612 1045 1665 et
1066 1606 1139 1665 mira

158 1686 311 1746 celeritate
333 1688 477 1762 nullaque
498 1703 567 1746 cum
589 1687 816 1761 perturbatione
830 1694 882 1748 aut
896 1688 997 1747 rerdm
1015 1694 1071 1749 aut
1086 1689 1140 1749 ho·

157 1769 270 1830 minum
281 1786 435 1845 oppresso
446 1769 564 1845 Lepido
580 1772 710 1829 immane
721 1771 793 1830 novi
805 1787 840 1830 ac
851 1771 1053 1832 resurrecturi
1069 1772 1141 1834 belli

158 1852 255 1912 civilis
270 1853 411 1913 restinxit
429 1853 561 1911 initium:
587 1860 618 1912 et
632 1855 681 1912 ille
697 1855 818 1927 quidem
834 1854 913 1914 male
927 1856 1141 1918 consultorum

124 1940 142 1992 t
157 1950 275 2010 poenas
287 1936 429 1995 exsolvit.
451 1936 610 2009 Aequetur
624 1935 799 2008 praedIctae
814 1937 874 1995 iam
885 1937 997 1997 Antisti
1009 1938 1141 2001 Servilia

156 2019 264 2095 Lepidi
279 2035 372 2092 uxor,
397 2033 477 2093 quae
490 2018 562 2077 vIvo
578 2018 639 2092 igni
655 2016 802 2078 devorato
818 2027 1042 2092 praematuram
1059 2039 1140 2084 mor·

157 2111 217 2163 tem
231 2101 391 2162 immortali
406 2100 536 2161 nomInis
553 2101 600 2160 sui
617 2098 759 2175 pensavit
772 2100 929 2162 memoria.

125 2191 140 2242 1
237 2185 393 2244 LXXXIX.
427 2183 540 2243 Caesar
565 2191 665 2245 autem
687 2199 833 2246 reversus
858 2186 888 2246 in
909 2185 1026 2247 [tellam
1047 2199 1142 2268 atque
1180 2244 1184 2257 .

157 2268 264 2328 urbem
280 2284 341 2342 quo
357 2283 504 2340 occursu,
523 2285 584 2343 quo
599 2271 706 2329 fauore
720 2269 854 2329 omnium
869 2270 1040 2347 hominum,
1056 2283 1143 2336 aeta·

156 2352 245 2422 tium,
275 2351 415 2412 ordinum
434 2360 583 2429 exceptus
605 2353 659 2426 sil,
685 2369 766 2428 quae
788 2353 1014 2430 magnificentia
1033 2357 1141 2419 trium-

157 2435 287 2510 phorum
303 2435 386 2508 eins,
409 2453 488 2512 quae
503 2439 593 2498 luerit
606 2453 780 2512 munerum,
796 2455 835 2498 ne
848 2439 879 2497 in
895 2439 997 2513 operis
1014 2440 1143 2515 quidem

157 2519 228 2579 iusti
240 2521 373 2595 materia,
386 2522 498 2582 nedum
509 2520 600 2582 huius
612 2530 673 2583 tam
684 2520 775 2581 recisi
786 2523 878 2597 digne
886 2523 1015 2598 exprImi
1026 2531 1140 2598 potest

125 2602 233 2662 2Nihil
256 2605 367 2665 deinde
389 2612 495 2679 optare
516 2622 535 2663 a
555 2606 613 2664 diIs
634 2605 789 2680 homines,
811 2606 885 2665 nihil
900 2606 941 2665 dii
961 2606 1141 2670 hominibus

74 2743 78 2748 .
157 2694 315 2762 praestare
330 2695 475 2760 possunt,
491 2686 563 2746 nihil
578 2694 650 2747 voto
666 2689 801 2764 concipi,
817 2689 890 2748 nihil
905 2688 1049 2750 felicitate
1064 2707 1140 2754 con·

158 2770 318 2842 summari,
335 2771 418 2843 quod
434 2785 495 2828 non
508 2771 667 2843 Augustus
682 2779 754 2846 post
767 2773 897 2833 reditum
911 2772 942 2833 in
956 2774 1065 2835 urbem
1080 2775 1140 2836 rei·

157 2852 297 2928 publicae
310 2853 489 2928 populoque
499 2853 639 2917 Romano
654 2863 863 2931 terrarumque
874 2857 941 2917 orbi
954 2873 1140 2933 repraesen-

123 2944 141 2997 a
156 2935 272 2996 taverit.
295 2935 393 2998 Finita
404 2936 550 2998 vicesimo
563 2955 643 2999 anno
656 2939 736 2999 bella
747 2940 856 3015 civilia,
869 2943 990 3016 sepulta
999 2949 1140 3018 externa,
1159 2951 1162 2959 '

157 3027 302 3082 revocata
323 3037 401 3098 pax,
426 3019 545 3097 sopitus
568 3022 681 3098 ubique
702 3040 855 3084 armorum
874 3024 974 3099 furor,
997 3025 1142 3088 restituta

156 3105 203 3165 vis
225 3104 360 3181 legibus,
381 3103 500 3166 iudiciIs
515 3107 695 3182 auctoritas,
721 3107 840 3168 senatui
854 3106 1015 3180 maiestas3
1040 3109 1139 3187 impe·

157 3188 234 3249 rium
249 3189 477 3263 magistratuum
492 3190 531 3249 ad
546 3188 707 3265 pristinum
726 3191 884 3252 redactum
905 3193 1046 3262 modum;
1071 3201 1139 3254 tan·

126 3271 312 3333 ltnmmodo
329 3281 397 3334 octo
409 3273 605 3348 praetoribus
621 3275 718 3336 allecti
734 3277 805 3336 duo.
833 3274 937 3335 Prisca
950 3276 1001 3336 illa
1015 3286 1045 3337 et
1060 3277 1140 3339 anti-

159 3373 220 3431 qua
234 3356 422 3432 reipublicae
436 3358 533 3418 forma
547 3365 691 3420 revocata
705 3357 794 3419 rediit
808 3359 907 3419 cultus
924 3359 1020 3435 agris,
1037 3361 1139 3422 sacris

157 3439 272 3515 honae,
294 3440 443 3502 securitas
459 3442 647 3519 hominibus,
671 3450 752 3505 certa
768 3443 879 3518 cuique
892 3458 993 3504 rerum
1010 3461 1141 3506 suarum
