<?xml version="1.0" encoding="UTF-8"?>
<!DOCTYPE html PUBLIC "-//W3C//DTD XHTML 1.0 Transitional//EN"
    "http://www.w3.org/TR/xhtml1/DTD/xhtml1-transitional.dtd">
<html xmlns="http://www.w3.org/1999/xhtml" xml:lang="en" lang="en">
 <head>
  <title>
</title>
<meta http-equiv="Content-Type" content="text/html;charset=utf-8" />
  <meta name='ocr-system' content='tesseract 3.04.00' />
  <meta name='ocr-capabilities' content='ocr_page ocr_carea ocr_par ocr_line ocrx_word'/>
</head>
<body>
  <div class='ocr_page' id='page_1' title='image "./mvelleipatercul00pategoog_0021.png"; bbox 0 0 2340 3946; ppageno 0'>
   <div class='ocr_carea' id='block_1_1' title="bbox 115 212 819 275">
    <p class='ocr_par' dir='ltr' id='par_1_1' title="bbox 115 212 819 275">
     <span class='ocr_line' id='line_1_1' title="bbox 115 212 819 275; baseline -0.006 0"><span class='ocrx_word' id='word_1_1' title='bbox 115 213 137 275; x_wconf 64' lang='grc' dir='ltr'><strong>6Ζ</strong></span> <span class='ocrx_word' id='word_1_2' title='bbox 391 213 431 271; x_wconf 87' lang='grc' dir='ltr'><strong>Μ.</strong></span> <span class='ocrx_word' id='word_1_3' title='bbox 446 212 589 273; x_wconf 86' lang='lat' dir='ltr'>VELLEI</span> <span class='ocrx_word' id='word_1_4' title='bbox 603 213 819 274; x_wconf 82' lang='lat' dir='ltr'><strong>PATERCULI</strong></span> 
     </span>
    </p>
   </div>
   <div class='ocr_carea' id='block_1_2' title="bbox 85 362 1170 3526">
    <p class='ocr_par' dir='ltr' id='par_1_2' title="bbox 115 362 1094 508">
     <span class='ocr_line' id='line_1_2' title="bbox 115 362 1094 439; baseline 0.001 -16"><span class='ocrx_word' id='word_1_5' title='bbox 115 365 232 426; x_wconf 81' lang='lat' dir='ltr'><strong>ltaliam</strong></span> <span class='ocrx_word' id='word_1_6' title='bbox 254 370 284 424; x_wconf 96' lang='lat' dir='ltr'><strong>et</strong></span> <span class='ocrx_word' id='word_1_7' title='bbox 298 365 366 424; x_wconf 93' lang='lat' dir='ltr'><strong>loco</strong></span> <span class='ocrx_word' id='word_1_8' title='bbox 382 370 411 424; x_wconf 89' lang='lat' dir='ltr'><strong>et</strong></span> <span class='ocrx_word' id='word_1_9' title='bbox 430 362 538 422; x_wconf 91' lang='lat' dir='ltr'><strong>incolis</strong></span> <span class='ocrx_word' id='word_1_10' title='bbox 559 368 590 422; x_wconf 92' lang='lat' dir='ltr'><strong>et</strong></span> <span class='ocrx_word' id='word_1_11' title='bbox 610 362 684 421; x_wconf 88' lang='lat' dir='ltr'><strong>mari</strong></span> <span class='ocrx_word' id='word_1_12' title='bbox 705 362 807 422; x_wconf 86' lang='lat' dir='ltr'>nobile</span> <span class='ocrx_word' id='word_1_13' title='bbox 828 377 864 420; x_wconf 89' lang='lat' dir='ltr'><strong>ac</strong></span> <span class='ocrx_word' id='word_1_14' title='bbox 878 367 1094 439; x_wconf 89' lang='lat' dir='ltr'><strong>perpetuuma</strong></span> 
     </span>
     <span class='ocr_line' id='line_1_3' title="bbox 118 446 389 508; baseline -0.011 0"><span class='ocrx_word' id='word_1_15' title='bbox 118 463 154 508; x_wconf 89' lang='lat' dir='ltr'><strong>se</strong></span> <span class='ocrx_word' id='word_1_16' title='bbox 168 463 279 508; x_wconf 89' lang='lat' dir='ltr'><strong>nomen</strong></span> <span class='ocrx_word' id='word_1_17' title='bbox 297 446 389 506; x_wconf 90' lang='lat' dir='ltr'><strong>dedit.</strong></span> 
     </span>
    </p>

    <p class='ocr_par' dir='ltr' id='par_1_3' title="bbox 87 525 1102 1104">
     <span class='ocr_line' id='line_1_4' title="bbox 87 525 1095 608; baseline 0 -18"><span class='ocrx_word' id='word_1_18' title='bbox 87 557 102 608; x_wconf 92' lang='lat'>1</span> <span class='ocrx_word' id='word_1_19' title='bbox 200 531 236 590; x_wconf 92' lang='lat' dir='ltr'><strong>ll.</strong></span> <span class='ocrx_word' id='word_1_20' title='bbox 280 529 353 591; x_wconf 90' lang='lat' dir='ltr'><strong>Post</strong></span> <span class='ocrx_word' id='word_1_21' title='bbox 369 528 485 590; x_wconf 89' lang='lat' dir='ltr'><strong>Orestis</strong></span> <span class='ocrx_word' id='word_1_22' title='bbox 499 525 649 588; x_wconf 89' lang='lat' dir='ltr'><strong>interitum</strong></span> <span class='ocrx_word' id='word_1_23' title='bbox 667 525 721 587; x_wconf 87' lang='lat' dir='ltr'><strong>filii</strong></span> <span class='ocrx_word' id='word_1_24' title='bbox 735 526 963 588; x_wconf 89' lang='lat' dir='ltr'><strong>eiusPenthilus</strong></span> <span class='ocrx_word' id='word_1_25' title='bbox 975 528 1095 590; x_wconf 88' lang='lat' dir='ltr'><strong>etTisa·</strong></span> 
     </span>
     <span class='ocr_line' id='line_1_5' title="bbox 115 610 1096 688; baseline 0 -14"><span class='ocrx_word' id='word_1_26' title='bbox 115 630 224 674; x_wconf 89' lang='lat' dir='ltr'><strong>menus</strong></span> <span class='ocrx_word' id='word_1_27' title='bbox 235 628 403 688; x_wconf 83' lang='lat' dir='ltr'><strong>regnavere</strong></span> <span class='ocrx_word' id='word_1_28' title='bbox 410 610 547 672; x_wconf 89' lang='lat' dir='ltr'><strong>triennio.</strong></span> <span class='ocrx_word' id='word_1_29' title='bbox 569 613 645 670; x_wconf 85' lang='lat' dir='ltr'><strong>Tum</strong></span> <span class='ocrx_word' id='word_1_30' title='bbox 653 610 716 669; x_wconf 90' lang='lat' dir='ltr'><strong>lere</strong></span> <span class='ocrx_word' id='word_1_31' title='bbox 728 626 808 671; x_wconf 90' lang='lat' dir='ltr'><strong>anno</strong></span> <span class='ocrx_word' id='word_1_32' title='bbox 817 611 1008 685; x_wconf 80' lang='lat' dir='ltr'><strong>octogesimo</strong></span> <span class='ocrx_word' id='word_1_33' title='bbox 1025 621 1096 688; x_wconf 88' lang='lat' dir='ltr'><strong>post</strong></span> 
     </span>
     <span class='ocr_line' id='line_1_6' title="bbox 114 692 1102 773; baseline -0.001 -15"><span class='ocrx_word' id='word_1_34' title='bbox 114 699 235 758; x_wconf 84' lang='lat' dir='ltr'>Troiam</span> <span class='ocrx_word' id='word_1_35' title='bbox 251 705 385 773; x_wconf 87' lang='lat' dir='ltr'><strong>captam,</strong></span> <span class='ocrx_word' id='word_1_36' title='bbox 402 695 567 756; x_wconf 91' lang='lat' dir='ltr'><strong>centesimo</strong></span> <span class='ocrx_word' id='word_1_37' title='bbox 583 701 612 755; x_wconf 91' lang='lat' dir='ltr'><strong>et</strong></span> <span class='ocrx_word' id='word_1_38' title='bbox 625 692 773 754; x_wconf 89' lang='lat' dir='ltr'><strong>vicesimo</strong></span> <span class='ocrx_word' id='word_1_39' title='bbox 789 710 880 772; x_wconf 91' lang='lat' dir='ltr'><strong>quam</strong></span> <span class='ocrx_word' id='word_1_40' title='bbox 891 694 1042 756; x_wconf 86' lang='lat' dir='ltr'><strong>Hercules</strong></span> <span class='ocrx_word' id='word_1_41' title='bbox 1058 696 1102 756; x_wconf 85' lang='lat' dir='ltr'><strong>ad·</strong></span> 
     </span>
     <span class='ocr_line' id='line_1_7' title="bbox 116 776 1096 854; baseline -0.001 -12"><span class='ocrx_word' id='word_1_42' title='bbox 116 783 193 843; x_wconf 91' lang='lat' dir='ltr'><strong>deos</strong></span> <span class='ocrx_word' id='word_1_43' title='bbox 208 788 400 853; x_wconf 78' lang='lat' dir='ltr'><strong>excesserat,</strong></span> <span class='ocrx_word' id='word_1_44' title='bbox 415 778 538 854; x_wconf 89' lang='lat' dir='ltr'><strong>Pelopis</strong></span> <span class='ocrx_word' id='word_1_45' title='bbox 553 778 732 854; x_wconf 85' lang='lat' dir='ltr'><strong>progenies,</strong></span> <span class='ocrx_word' id='word_1_46' title='bbox 754 793 834 853; x_wconf 91' lang='lat' dir='ltr'><strong>quae</strong></span> <span class='ocrx_word' id='word_1_47' title='bbox 849 776 931 838; x_wconf 91' lang='lat' dir='ltr'><strong>omni</strong></span> <span class='ocrx_word' id='word_1_48' title='bbox 946 777 1007 838; x_wconf 95' lang='lat' dir='ltr'><strong>hoc</strong></span> <span class='ocrx_word' id='word_1_49' title='bbox 1022 787 1096 841; x_wconf 86' lang='lat' dir='ltr'><strong>tem·</strong></span> 
     </span>
     <span class='ocr_line' id='line_1_8' title="bbox 114 859 1099 941; baseline -0.003 -17"><span class='ocrx_word' id='word_1_50' title='bbox 114 880 192 941; x_wconf 92' lang='lat' dir='ltr'><strong>pore</strong></span> <span class='ocrx_word' id='word_1_51' title='bbox 207 865 305 938; x_wconf 91' lang='lat' dir='ltr'><strong>pulsis</strong></span> <span class='ocrx_word' id='word_1_52' title='bbox 324 863 493 924; x_wconf 82' lang='lat' dir='ltr'><strong>Heraclidis</strong></span> <span class='ocrx_word' id='word_1_53' title='bbox 507 860 712 937; x_wconf 87' lang='lat' dir='ltr'><strong>Peloponnesi</strong></span> <span class='ocrx_word' id='word_1_54' title='bbox 732 860 892 937; x_wconf 90' lang='lat' dir='ltr'><strong>imperium</strong></span> <span class='ocrx_word' id='word_1_55' title='bbox 915 859 1099 936; x_wconf 83' lang='lat' dir='ltr'><strong>obtinuerat,</strong></span> 
     </span>
     <span class='ocr_line' id='line_1_9' title="bbox 116 944 1097 1023; baseline -0.003 -14"><span class='ocrx_word' id='word_1_56' title='bbox 116 949 302 1017; x_wconf 83' lang='lat' dir='ltr'><strong>abHerculis</strong></span> <span class='ocrx_word' id='word_1_57' title='bbox 310 944 457 1023; x_wconf 82' lang='lat' dir='ltr'><strong>progenie</strong></span> <span class='ocrx_word' id='word_1_58' title='bbox 464 946 634 1020; x_wconf 90' lang='lat' dir='ltr'><strong>expellitur.</strong></span> <span class='ocrx_word' id='word_1_59' title='bbox 656 945 759 1005; x_wconf 82' lang='lat' dir='ltr'><strong>Duces</strong></span> <span class='ocrx_word' id='word_1_60' title='bbox 770 945 972 1019; x_wconf 87' lang='lat' dir='ltr'><strong>recuperandi</strong></span> <span class='ocrx_word' id='word_1_61' title='bbox 986 945 1097 1022; x_wconf 89' lang='lat' dir='ltr'><strong>imperi</strong></span> 
     </span>
     <span class='ocr_line' id='line_1_10' title="bbox 116 1027 1095 1104; baseline -0.003 -13"><span class='ocrx_word' id='word_1_62' title='bbox 116 1033 202 1092; x_wconf 89' lang='lat' dir='ltr'><strong>iucre</strong></span> <span class='ocrx_word' id='word_1_63' title='bbox 215 1032 382 1104; x_wconf 86' lang='lat' dir='ltr'><strong>Temenus,</strong></span> <span class='ocrx_word' id='word_1_64' title='bbox 399 1027 621 1104; x_wconf 84' lang='lat' dir='ltr'><strong>Cresphontes,</strong></span> <span class='ocrx_word' id='word_1_65' title='bbox 635 1029 859 1101; x_wconf 65' lang='lat' dir='ltr'><strong>Aristodemus</strong></span> <span class='ocrx_word' id='word_1_66' title='bbox 876 1044 1008 1104; x_wconf 90' lang='lat' dir='ltr'><strong>quorum</strong></span> <span class='ocrx_word' id='word_1_67' title='bbox 1023 1029 1095 1088; x_wconf 86' lang='lat' dir='ltr'><strong>aba·</strong></span> 
     </span>
    </p>

    <p class='ocr_par' dir='ltr' id='par_1_4' title="bbox 86 1110 1097 1690">
     <span class='ocr_line' id='line_1_11' title="bbox 86 1110 1097 1188; baseline -0.005 -12"><span class='ocrx_word' id='word_1_68' title='bbox 86 1124 172 1176; x_wconf 69' lang='lat' dir='ltr'><strong>ivus</strong></span> <span class='ocrx_word' id='word_1_69' title='bbox 185 1118 293 1175; x_wconf 88' lang='lat' dir='ltr'><strong>iuerat.</strong></span> <span class='ocrx_word' id='word_1_70' title='bbox 314 1114 431 1174; x_wconf 86' lang='lat' dir='ltr'><strong>Eodem</strong></span> <span class='ocrx_word' id='word_1_71' title='bbox 444 1114 507 1172; x_wconf 90' lang='lat' dir='ltr'><strong>iere</strong></span> <span class='ocrx_word' id='word_1_72' title='bbox 518 1119 655 1188; x_wconf 89' lang='lat' dir='ltr'><strong>ternpore</strong></span> <span class='ocrx_word' id='word_1_73' title='bbox 666 1110 805 1171; x_wconf 82' lang='lat' dir='ltr'><strong>Athenae</strong></span> <span class='ocrx_word' id='word_1_74' title='bbox 817 1111 874 1172; x_wconf 92' lang='lat' dir='ltr'><strong>sub</strong></span> <span class='ocrx_word' id='word_1_75' title='bbox 885 1112 1012 1186; x_wconf 85' lang='lat' dir='ltr'><strong>regibus</strong></span> <span class='ocrx_word' id='word_1_76' title='bbox 1025 1127 1097 1173; x_wconf 88' lang='lat' dir='ltr'><strong>esse</strong></span> 
     </span>
     <span class='ocr_line' id='line_1_12' title="bbox 116 1193 1097 1272; baseline -0.002 -14"><span class='ocrx_word' id='word_1_77' title='bbox 116 1197 287 1272; x_wconf 90' lang='lat' dir='ltr'><strong>desierunt,</strong></span> <span class='ocrx_word' id='word_1_78' title='bbox 303 1197 560 1272; x_wconf 89' lang='lat' dir='ltr'><strong>quarnmultimus</strong></span> <span class='ocrx_word' id='word_1_79' title='bbox 575 1211 631 1255; x_wconf 90' lang='lat' dir='ltr'><strong>rex</strong></span> <span class='ocrx_word' id='word_1_80' title='bbox 638 1196 693 1256; x_wconf 90' lang='lat' dir='ltr'><strong>luit</strong></span> <span class='ocrx_word' id='word_1_81' title='bbox 700 1196 834 1269; x_wconf 85' lang='lat' dir='ltr'><strong>Codrus,</strong></span> <span class='ocrx_word' id='word_1_82' title='bbox 846 1193 990 1255; x_wconf 87' lang='lat' dir='ltr'><strong>Melanthi</strong></span> <span class='ocrx_word' id='word_1_83' title='bbox 1004 1195 1097 1269; x_wconf 85' lang='lat' dir='ltr'><strong>filius,</strong></span> 
     </span>
     <span class='ocr_line' id='line_1_13' title="bbox 115 1276 1097 1356; baseline -0.002 -15"><span class='ocrx_word' id='word_1_84' title='bbox 115 1283 161 1342; x_wconf 93' lang='lat' dir='ltr'><strong>vir</strong></span> <span class='ocrx_word' id='word_1_85' title='bbox 175 1297 237 1342; x_wconf 90' lang='lat' dir='ltr'><strong>non</strong></span> <span class='ocrx_word' id='word_1_86' title='bbox 258 1281 508 1356; x_wconf 88' lang='lat' dir='ltr'><strong>praetereundus.</strong></span> <span class='ocrx_word' id='word_1_87' title='bbox 542 1280 661 1355; x_wconf 82' lang='lat' dir='ltr'><strong>Quippe</strong></span> <span class='ocrx_word' id='word_1_88' title='bbox 677 1295 745 1338; x_wconf 89' lang='lat' dir='ltr'><strong>cum</strong></span> <span class='ocrx_word' id='word_1_89' title='bbox 759 1277 995 1339; x_wconf 91' lang='lat' dir='ltr'><strong>Lacedaemonii</strong></span> <span class='ocrx_word' id='word_1_90' title='bbox 1010 1276 1097 1354; x_wconf 81' lang='lat' dir='ltr'><strong>gravi</strong></span> 
     </span>
     <span class='ocr_line' id='line_1_14' title="bbox 114 1360 1096 1439; baseline -0.002 -14"><span class='ocrx_word' id='word_1_91' title='bbox 114 1366 195 1425; x_wconf 90' lang='lat' dir='ltr'><strong>bello</strong></span> <span class='ocrx_word' id='word_1_92' title='bbox 215 1365 333 1426; x_wconf 91' lang='lat' dir='ltr'><strong>Atticos</strong></span> <span class='ocrx_word' id='word_1_93' title='bbox 356 1370 541 1439; x_wconf 87' lang='lat' dir='ltr'><strong>premerent,</strong></span> <span class='ocrx_word' id='word_1_94' title='bbox 562 1363 838 1438; x_wconf 88' lang='lat' dir='ltr'><strong>respondissetque</strong></span> <span class='ocrx_word' id='word_1_95' title='bbox 852 1360 995 1439; x_wconf 58' lang='lat' dir='ltr'><strong>Pythius</strong></span> <span class='ocrx_word' id='word_1_96' title='bbox 1020 1378 1096 1438; x_wconf 93' lang='lat' dir='ltr'><strong>quo·</strong></span> 
     </span>
     <span class='ocr_line' id='line_1_15' title="bbox 113 1445 1096 1519; baseline -0.002 -11"><span class='ocrx_word' id='word_1_97' title='bbox 113 1464 181 1508; x_wconf 91' lang='lat' dir='ltr'><strong>rum</strong></span> <span class='ocrx_word' id='word_1_98' title='bbox 196 1449 260 1508; x_wconf 89' lang='lat' dir='ltr'><strong>dux</strong></span> <span class='ocrx_word' id='word_1_99' title='bbox 275 1449 313 1507; x_wconf 90' lang='lat' dir='ltr'><strong>ab</strong></span> <span class='ocrx_word' id='word_1_100' title='bbox 328 1448 417 1509; x_wconf 90' lang='lat' dir='ltr'><strong>hoste</strong></span> <span class='ocrx_word' id='word_1_101' title='bbox 432 1455 515 1508; x_wconf 89' lang='lat' dir='ltr'><strong>esset</strong></span> <span class='ocrx_word' id='word_1_102' title='bbox 530 1446 668 1519; x_wconf 87' lang='lat' dir='ltr'><strong>occisus,</strong></span> <span class='ocrx_word' id='word_1_103' title='bbox 690 1462 745 1505; x_wconf 94' lang='lat' dir='ltr'><strong>eos</strong></span> <span class='ocrx_word' id='word_1_104' title='bbox 768 1447 885 1504; x_wconf 88' lang='lat' dir='ltr'><strong>iuturos</strong></span> <span class='ocrx_word' id='word_1_105' title='bbox 906 1445 1096 1518; x_wconf 86' lang='lat' dir='ltr'><strong>superiores,</strong></span> 
     </span>
     <span class='ocr_line' id='line_1_16' title="bbox 115 1529 1083 1607; baseline -0.002 -17"><span class='ocrx_word' id='word_1_106' title='bbox 115 1532 259 1607; x_wconf 87' lang='lat' dir='ltr'><strong>deposita</strong></span> <span class='ocrx_word' id='word_1_107' title='bbox 271 1537 359 1592; x_wconf 86' lang='lat' dir='ltr'><strong>veste</strong></span> <span class='ocrx_word' id='word_1_108' title='bbox 373 1531 459 1606; x_wconf 83' lang='lat' dir='ltr'><strong>regia</strong></span> <span class='ocrx_word' id='word_1_109' title='bbox 472 1531 656 1605; x_wconf 89' lang='lat' dir='ltr'><strong>pastoralem</strong></span> <span class='ocrx_word' id='word_1_110' title='bbox 671 1530 782 1590; x_wconf 89' lang='lat' dir='ltr'><strong>cultum</strong></span> <span class='ocrx_word' id='word_1_111' title='bbox 798 1529 909 1602; x_wconf 91' lang='lat' dir='ltr'><strong>induit,</strong></span> <span class='ocrx_word' id='word_1_112' title='bbox 925 1529 1083 1590; x_wconf 92' lang='lat' dir='ltr'><strong>immixtus</strong></span> 
     </span>
     <span class='ocr_line' id='line_1_17' title="bbox 116 1612 1095 1690; baseline -0.002 -16"><span class='ocrx_word' id='word_1_113' title='bbox 116 1631 176 1690; x_wconf 90' lang='lat' dir='ltr'><strong>que</strong></span> <span class='ocrx_word' id='word_1_114' title='bbox 188 1615 297 1676; x_wconf 88' lang='lat' dir='ltr'><strong>castris</strong></span> <span class='ocrx_word' id='word_1_115' title='bbox 309 1615 441 1675; x_wconf 89' lang='lat' dir='ltr'><strong>hostium</strong></span> <span class='ocrx_word' id='word_1_116' title='bbox 457 1615 495 1674; x_wconf 90' lang='lat' dir='ltr'><strong>de</strong></span> <span class='ocrx_word' id='word_1_117' title='bbox 510 1615 673 1686; x_wconf 89' lang='lat' dir='ltr'><strong>industria,</strong></span> <span class='ocrx_word' id='word_1_118' title='bbox 689 1613 910 1687; x_wconf 90' lang='lat' dir='ltr'><strong>imprudenter,</strong></span> <span class='ocrx_word' id='word_1_119' title='bbox 926 1613 1025 1672; x_wconf 90' lang='lat' dir='ltr'><strong>rixam</strong></span> <span class='ocrx_word' id='word_1_120' title='bbox 1040 1612 1095 1672; x_wconf 90' lang='lat' dir='ltr'><strong>ini·</strong></span> 
     </span>
    </p>

    <p class='ocr_par' dir='ltr' id='par_1_5' title="bbox 85 1695 1170 2187">
     <span class='ocr_line' id='line_1_18' title="bbox 85 1695 1096 1774; baseline 0.001 -19"><span class='ocrx_word' id='word_1_121' title='bbox 85 1699 103 1755; x_wconf 80' lang='grc'>3</span> <span class='ocrx_word' id='word_1_122' title='bbox 115 1700 216 1773; x_wconf 91' lang='lat' dir='ltr'><strong>ciens,</strong></span> <span class='ocrx_word' id='word_1_123' title='bbox 230 1698 429 1774; x_wconf 90' lang='lat' dir='ltr'><strong>interemptus</strong></span> <span class='ocrx_word' id='word_1_124' title='bbox 441 1705 497 1758; x_wconf 90' lang='lat' dir='ltr'><strong>est.</strong></span> <span class='ocrx_word' id='word_1_125' title='bbox 520 1697 652 1758; x_wconf 83' lang='lat' dir='ltr'><strong>Codrum</strong></span> <span class='ocrx_word' id='word_1_126' title='bbox 664 1712 732 1756; x_wconf 91' lang='lat' dir='ltr'><strong>cnm</strong></span> <span class='ocrx_word' id='word_1_127' title='bbox 743 1703 840 1756; x_wconf 90' lang='lat' dir='ltr'><strong>morte</strong></span> <span class='ocrx_word' id='word_1_128' title='bbox 852 1703 975 1756; x_wconf 91' lang='lat' dir='ltr'><strong>aeterna</strong></span> <span class='ocrx_word' id='word_1_129' title='bbox 989 1695 1096 1772; x_wconf 82' lang='lat' dir='ltr'><strong>gloria,</strong></span> 
     </span>
     <span class='ocr_line' id='line_1_19' title="bbox 114 1777 1096 1855; baseline -0.002 -14"><span class='ocrx_word' id='word_1_130' title='bbox 114 1781 311 1842; x_wconf 86' lang='lat' dir='ltr'><strong>Atheniensis</strong></span> <span class='ocrx_word' id='word_1_131' title='bbox 324 1781 565 1842; x_wconf 89' lang='lat' dir='ltr'><strong>secutavictoria</strong></span> <span class='ocrx_word' id='word_1_132' title='bbox 576 1787 632 1840; x_wconf 90' lang='lat' dir='ltr'><strong>est.</strong></span> <span class='ocrx_word' id='word_1_133' title='bbox 654 1779 728 1853; x_wconf 83' lang='lat' dir='ltr'><strong>Quis</strong></span> <span class='ocrx_word' id='word_1_134' title='bbox 740 1796 808 1839; x_wconf 90' lang='lat' dir='ltr'><strong>eum</strong></span> <span class='ocrx_word' id='word_1_135' title='bbox 821 1796 882 1840; x_wconf 92' lang='lat' dir='ltr'><strong>non</strong></span> <span class='ocrx_word' id='word_1_136' title='bbox 894 1777 1035 1854; x_wconf 72' lang='lat' dir='ltr'><strong>miretur,</strong></span> <span class='ocrx_word' id='word_1_137' title='bbox 1044 1779 1096 1855; x_wconf 90' lang='lat' dir='ltr'><strong>qui</strong></span> 
     </span>
     <span class='ocr_line' id='line_1_20' title="bbox 114 1861 1170 1938; baseline 0.002 -15"><span class='ocrx_word' id='word_1_138' title='bbox 114 1864 163 1923; x_wconf 91' lang='lat' dir='ltr'><strong>his</strong></span> <span class='ocrx_word' id='word_1_139' title='bbox 189 1865 303 1924; x_wconf 88' lang='lat' dir='ltr'><strong>artibus</strong></span> <span class='ocrx_word' id='word_1_140' title='bbox 328 1872 454 1923; x_wconf 89' lang='lat' dir='ltr'><strong>mortem</strong></span> <span class='ocrx_word' id='word_1_141' title='bbox 481 1862 659 1938; x_wconf 84' lang='lat' dir='ltr'><strong>quaesierit,</strong></span> <span class='ocrx_word' id='word_1_142' title='bbox 687 1862 798 1936; x_wconf 91' lang='lat' dir='ltr'><strong>quibus</strong></span> <span class='ocrx_word' id='word_1_143' title='bbox 825 1864 863 1921; x_wconf 91' lang='lat' dir='ltr'><strong>ab</strong></span> <span class='ocrx_word' id='word_1_144' title='bbox 890 1861 1009 1938; x_wconf 83' lang='lat' dir='ltr'><strong>ignavis</strong></span> <span class='ocrx_word' id='word_1_145' title='bbox 1036 1863 1098 1923; x_wconf 83' lang='lat' dir='ltr'><strong>vitu</strong></span> <span class='ocrx_word' id='word_1_146' title='bbox 1167 1907 1170 1925; x_wconf 89' lang='lat'><em>.</em></span> 
     </span>
     <span class='ocr_line' id='line_1_21' title="bbox 116 1931 1170 2033; baseline 0 -27"><span class='ocrx_word' id='word_1_147' title='bbox 116 1945 222 2022; x_wconf 89' lang='lat' dir='ltr'><strong>quaeri</strong></span> <span class='ocrx_word' id='word_1_148' title='bbox 237 1948 330 2007; x_wconf 82' lang='lat' dir='ltr'><strong>soleti</strong></span> <span class='ocrx_word' id='word_1_149' title='bbox 359 1947 456 2006; x_wconf 87' lang='lat' dir='ltr'><strong>liuius</strong></span> <span class='ocrx_word' id='word_1_150' title='bbox 479 1946 559 2005; x_wconf 87' lang='lat' dir='ltr'><strong>filius</strong></span> <span class='ocrx_word' id='word_1_151' title='bbox 573 1946 686 2005; x_wconf 90' lang='lat' dir='ltr'><strong>Medon</strong></span> <span class='ocrx_word' id='word_1_152' title='bbox 702 1946 817 2020; x_wconf 93' lang='lat' dir='ltr'><strong>primus</strong></span> <span class='ocrx_word' id='word_1_153' title='bbox 836 1946 950 2006; x_wconf 90' lang='lat' dir='ltr'><strong>archon</strong></span> <span class='ocrx_word' id='word_1_154' title='bbox 965 1945 1096 2007; x_wconf 85' lang='lat' dir='ltr'><strong>Athenis</strong></span> <span class='ocrx_word' id='word_1_155' title='bbox 1166 1931 1170 2033; x_wconf 63' lang='lat' dir='ltr'>J</span> 
     </span>
     <span class='ocr_line' id='line_1_22' title="bbox 115 2028 1170 2113; baseline -0.001 -23"><span class='ocrx_word' id='word_1_156' title='bbox 115 2030 178 2091; x_wconf 84' lang='lat' dir='ltr'><strong>iuit.</strong></span> <span class='ocrx_word' id='word_1_157' title='bbox 208 2031 256 2090; x_wconf 84' lang='lat' dir='ltr'><strong>Ab</strong></span> <span class='ocrx_word' id='word_1_158' title='bbox 271 2028 331 2090; x_wconf 92' lang='lat' dir='ltr'><strong>hoc</strong></span> <span class='ocrx_word' id='word_1_159' title='bbox 347 2029 463 2104; x_wconf 93' lang='lat' dir='ltr'><strong>posteri</strong></span> <span class='ocrx_word' id='word_1_160' title='bbox 484 2029 567 2102; x_wconf 90' lang='lat' dir='ltr'><strong>apud</strong></span> <span class='ocrx_word' id='word_1_161' title='bbox 582 2029 700 2089; x_wconf 90' lang='lat' dir='ltr'><strong>Atticos</strong></span> <span class='ocrx_word' id='word_1_162' title='bbox 717 2028 787 2088; x_wconf 92' lang='lat' dir='ltr'><strong>dicti</strong></span> <span class='ocrx_word' id='word_1_163' title='bbox 802 2029 1015 2100; x_wconf 70' lang='lat' dir='ltr'><strong>Medontidae,</strong></span> <span class='ocrx_word' id='word_1_164' title='bbox 1039 2030 1095 2089; x_wconf 88' lang='lat' dir='ltr'><strong>sed</strong></span> <span class='ocrx_word' id='word_1_165' title='bbox 1167 2104 1170 2113; x_wconf 23' lang='grc' dir='ltr'><strong><em>Δ</em></strong></span> 
     </span>
     <span class='ocr_line' id='line_1_23' title="bbox 115 2111 1170 2187; baseline 0.001 -14"><span class='ocrx_word' id='word_1_166' title='bbox 115 2114 164 2173; x_wconf 89' lang='lat' dir='ltr'><strong>hic</strong></span> <span class='ocrx_word' id='word_1_167' title='bbox 185 2114 446 2187; x_wconf 89' lang='lat' dir='ltr'><strong>insequentesque</strong></span> <span class='ocrx_word' id='word_1_168' title='bbox 467 2111 628 2171; x_wconf 89' lang='lat' dir='ltr'><strong>archontes</strong></span> <span class='ocrx_word' id='word_1_169' title='bbox 650 2127 750 2184; x_wconf 93' lang='lat' dir='ltr'><strong>usque</strong></span> <span class='ocrx_word' id='word_1_170' title='bbox 771 2112 811 2170; x_wconf 91' lang='lat' dir='ltr'><strong>ad</strong></span> <span class='ocrx_word' id='word_1_171' title='bbox 831 2111 1001 2186; x_wconf 86' lang='lat' dir='ltr'><strong>Charopem</strong></span> <span class='ocrx_word' id='word_1_172' title='bbox 1022 2113 1097 2175; x_wconf 92' lang='lat' dir='ltr'><strong>dum</strong></span> <span class='ocrx_word' id='word_1_173' title='bbox 1169 2170 1170 2185; x_wconf 50' lang='lat'><strong>,</strong></span> 
     </span>
    </p>

    <p class='ocr_par' dir='ltr' id='par_1_6' title="bbox 85 2193 1097 2771">
     <span class='ocr_line' id='line_1_24' title="bbox 85 2193 1097 2271; baseline 0.001 -16"><span class='ocrx_word' id='word_1_174' title='bbox 85 2193 253 2256; x_wconf 84' lang='lat' dir='ltr'><strong>4viverent</strong></span> <span class='ocrx_word' id='word_1_175' title='bbox 273 2211 341 2254; x_wconf 90' lang='lat' dir='ltr'><strong>eum</strong></span> <span class='ocrx_word' id='word_1_176' title='bbox 362 2196 509 2255; x_wconf 91' lang='lat' dir='ltr'><strong>honorem</strong></span> <span class='ocrx_word' id='word_1_177' title='bbox 532 2196 730 2269; x_wconf 88' lang='lat' dir='ltr'><strong>usurpabant.</strong></span> <span class='ocrx_word' id='word_1_178' title='bbox 758 2194 975 2270; x_wconf 82' lang='lat' dir='ltr'><strong>Peloponnesii</strong></span> <span class='ocrx_word' id='word_1_179' title='bbox 996 2197 1097 2271; x_wconf 81' lang='lat' dir='ltr'><strong>digre-</strong></span> 
     </span>
     <span class='ocr_line' id='line_1_25' title="bbox 116 2277 1095 2353; baseline -0.002 -13"><span class='ocrx_word' id='word_1_180' title='bbox 116 2281 234 2340; x_wconf 89' lang='lat' dir='ltr'><strong>dientes</strong></span> <span class='ocrx_word' id='word_1_181' title='bbox 255 2279 369 2339; x_wconf 85' lang='lat' dir='ltr'><strong>finibus</strong></span> <span class='ocrx_word' id='word_1_182' title='bbox 379 2279 487 2339; x_wconf 87' lang='lat' dir='ltr'><strong>Atticis</strong></span> <span class='ocrx_word' id='word_1_183' title='bbox 499 2277 669 2353; x_wconf 84' lang='lat' dir='ltr'><strong>Megaram,</strong></span> <span class='ocrx_word' id='word_1_184' title='bbox 696 2279 826 2339; x_wconf 90' lang='lat' dir='ltr'><strong>mediam</strong></span> <span class='ocrx_word' id='word_1_185' title='bbox 843 2278 985 2340; x_wconf 86' lang='lat' dir='ltr'><strong>Corintho</strong></span> <span class='ocrx_word' id='word_1_186' title='bbox 1000 2278 1095 2340; x_wconf 82' lang='lat' dir='ltr'><strong>Athe·</strong></span> 
     </span>
     <span class='ocr_line' id='line_1_26' title="bbox 115 2363 1096 2440; baseline 0 -18"><span class='ocrx_word' id='word_1_187' title='bbox 115 2364 227 2436; x_wconf 90' lang='lat' dir='ltr'><strong>nisque</strong></span> <span class='ocrx_word' id='word_1_188' title='bbox 242 2363 363 2436; x_wconf 88' lang='lat' dir='ltr'><strong>urbem,</strong></span> <span class='ocrx_word' id='word_1_189' title='bbox 380 2363 555 2424; x_wconf 89' lang='lat' dir='ltr'><strong>condidere.</strong></span> <span class='ocrx_word' id='word_1_190' title='bbox 584 2363 629 2423; x_wconf 86' lang='lat' dir='ltr'><strong>Ea</strong></span> <span class='ocrx_word' id='word_1_191' title='bbox 643 2369 824 2438; x_wconf 85' lang='lat' dir='ltr'><strong>tempestate</strong></span> <span class='ocrx_word' id='word_1_192' title='bbox 836 2371 865 2424; x_wconf 91' lang='lat' dir='ltr'><strong>et</strong></span> <span class='ocrx_word' id='word_1_193' title='bbox 878 2363 970 2440; x_wconf 81' lang='lat' dir='ltr'><strong>Tyria</strong></span> <span class='ocrx_word' id='word_1_194' title='bbox 985 2364 1096 2424; x_wconf 89' lang='lat' dir='ltr'><strong>classis</strong></span> 
     </span>
     <span class='ocr_line' id='line_1_27' title="bbox 117 2444 1095 2521; baseline 0 -16"><span class='ocrx_word' id='word_1_195' title='bbox 117 2447 277 2520; x_wconf 91' lang='lat' dir='ltr'><strong>plurimum</strong></span> <span class='ocrx_word' id='word_1_196' title='bbox 298 2447 416 2520; x_wconf 93' lang='lat' dir='ltr'><strong>pollens</strong></span> <span class='ocrx_word' id='word_1_197' title='bbox 442 2445 532 2520; x_wconf 88' lang='lat' dir='ltr'><strong>mari,</strong></span> <span class='ocrx_word' id='word_1_198' title='bbox 558 2447 587 2506; x_wconf 90' lang='lat' dir='ltr'><strong>in</strong></span> <span class='ocrx_word' id='word_1_199' title='bbox 614 2447 718 2507; x_wconf 90' lang='lat' dir='ltr'><strong>ultimo</strong></span> <span class='ocrx_word' id='word_1_200' title='bbox 732 2447 900 2521; x_wconf 88' lang='lat' dir='ltr'><strong>Hispaniae</strong></span> <span class='ocrx_word' id='word_1_201' title='bbox 924 2452 1036 2519; x_wconf 85' lang='lat' dir='ltr'><strong>tractu,</strong></span> <span class='ocrx_word' id='word_1_202' title='bbox 1064 2444 1095 2506; x_wconf 90' lang='lat' dir='ltr'><strong>in</strong></span> 
     </span>
     <span class='ocr_line' id='line_1_28' title="bbox 116 2528 1095 2604; baseline 0.001 -16"><span class='ocrx_word' id='word_1_203' title='bbox 116 2536 250 2589; x_wconf 90' lang='lat' dir='ltr'><strong>extremo</strong></span> <span class='ocrx_word' id='word_1_204' title='bbox 260 2530 355 2590; x_wconf 89' lang='lat' dir='ltr'><strong>nostri</strong></span> <span class='ocrx_word' id='word_1_205' title='bbox 364 2529 591 2602; x_wconf 88' lang='lat' dir='ltr'><strong>orbistermino,</strong></span> <span class='ocrx_word' id='word_1_206' title='bbox 599 2532 729 2590; x_wconf 88' lang='lat' dir='ltr'><strong>insulam</strong></span> <span class='ocrx_word' id='word_1_207' title='bbox 738 2530 952 2591; x_wconf 85' lang='lat' dir='ltr'><strong>circumfusam</strong></span> <span class='ocrx_word' id='word_1_208' title='bbox 962 2528 1095 2604; x_wconf 89' lang='lat' dir='ltr'><strong>Oceano,</strong></span> 
     </span>
     <span class='ocr_line' id='line_1_29' title="bbox 116 2611 1095 2688; baseline 0 -16"><span class='ocrx_word' id='word_1_209' title='bbox 116 2614 284 2688; x_wconf 81' lang='lat' dir='ltr'><strong>perexiguo</strong></span> <span class='ocrx_word' id='word_1_210' title='bbox 301 2631 319 2674; x_wconf 90' lang='lat' dir='ltr'><strong>a</strong></span> <span class='ocrx_word' id='word_1_211' title='bbox 333 2615 498 2676; x_wconf 91' lang='lat' dir='ltr'><strong>continenti</strong></span> <span class='ocrx_word' id='word_1_212' title='bbox 507 2614 636 2672; x_wconf 92' lang='lat' dir='ltr'><strong>divisam</strong></span> <span class='ocrx_word' id='word_1_213' title='bbox 650 2614 742 2686; x_wconf 88' lang='lat' dir='ltr'><strong>ireto,</strong></span> <span class='ocrx_word' id='word_1_214' title='bbox 761 2615 853 2674; x_wconf 88' lang='lat' dir='ltr'><strong>Gadis</strong></span> <span class='ocrx_word' id='word_1_215' title='bbox 870 2614 1014 2673; x_wconf 90' lang='lat' dir='ltr'><strong>condidit.</strong></span> <span class='ocrx_word' id='word_1_216' title='bbox 1047 2611 1095 2673; x_wconf 96' lang='lat' dir='ltr'><strong>Ab</strong></span> 
     </span>
     <span class='ocr_line' id='line_1_30' title="bbox 114 2695 1032 2771; baseline -0.002 -15"><span class='ocrx_word' id='word_1_217' title='bbox 114 2695 223 2756; x_wconf 90' lang='lat' dir='ltr'><strong>iisdem</strong></span> <span class='ocrx_word' id='word_1_218' title='bbox 240 2703 310 2771; x_wconf 91' lang='lat' dir='ltr'><strong>post</strong></span> <span class='ocrx_word' id='word_1_219' title='bbox 327 2713 445 2770; x_wconf 91' lang='lat' dir='ltr'><strong>paucos</strong></span> <span class='ocrx_word' id='word_1_220' title='bbox 461 2713 558 2756; x_wconf 83' lang='lat' dir='ltr'><strong>annos</strong></span> <span class='ocrx_word' id='word_1_221' title='bbox 574 2697 603 2754; x_wconf 93' lang='lat' dir='ltr'><strong>in</strong></span> <span class='ocrx_word' id='word_1_222' title='bbox 618 2696 723 2756; x_wconf 87' lang='lat' dir='ltr'><strong>Airica</strong></span> <span class='ocrx_word' id='word_1_223' title='bbox 736 2698 824 2758; x_wconf 88' lang='lat' dir='ltr'><strong>Utica</strong></span> <span class='ocrx_word' id='word_1_224' title='bbox 839 2695 962 2758; x_wconf 90' lang='lat' dir='ltr'><strong>condita</strong></span> <span class='ocrx_word' id='word_1_225' title='bbox 977 2703 1032 2757; x_wconf 93' lang='lat' dir='ltr'><strong>est.</strong></span> 
     </span>
    </p>

    <p class='ocr_par' dir='ltr' id='par_1_7' title="bbox 88 2775 1106 3526">
     <span class='ocr_line' id='line_1_31' title="bbox 88 2775 1097 2856; baseline 0.001 -16"><span class='ocrx_word' id='word_1_226' title='bbox 88 2775 104 2828; x_wconf 94' lang='lat' dir='ltr'><strong>l</strong></span> <span class='ocrx_word' id='word_1_227' title='bbox 199 2780 249 2840; x_wconf 93' lang='lat' dir='ltr'><strong>Ill.</strong></span> <span class='ocrx_word' id='word_1_228' title='bbox 293 2778 419 2839; x_wconf 85' lang='lat' dir='ltr'><strong>Exclusi</strong></span> <span class='ocrx_word' id='word_1_229' title='bbox 439 2779 477 2838; x_wconf 88' lang='lat' dir='ltr'><strong>ab</strong></span> <span class='ocrx_word' id='word_1_230' title='bbox 497 2779 668 2840; x_wconf 89' lang='lat' dir='ltr'><strong>Heraclidis</strong></span> <span class='ocrx_word' id='word_1_231' title='bbox 690 2779 805 2842; x_wconf 88' lang='lat' dir='ltr'><strong>Orestis</strong></span> <span class='ocrx_word' id='word_1_232' title='bbox 825 2780 912 2840; x_wconf 90' lang='lat' dir='ltr'><strong>liberi</strong></span> <span class='ocrx_word' id='word_1_233' title='bbox 932 2780 1097 2856; x_wconf 87' lang='lat' dir='ltr'><strong>iactatique</strong></span> 
     </span>
     <span class='ocr_line' id='line_1_32' title="bbox 116 2861 1095 2938; baseline 0.003 -17"><span class='ocrx_word' id='word_1_234' title='bbox 116 2877 184 2921; x_wconf 93' lang='lat' dir='ltr'><strong>cum</strong></span> <span class='ocrx_word' id='word_1_235' title='bbox 206 2861 299 2921; x_wconf 89' lang='lat' dir='ltr'><strong>variis</strong></span> <span class='ocrx_word' id='word_1_236' title='bbox 321 2864 459 2934; x_wconf 91' lang='lat' dir='ltr'><strong>casibus,</strong></span> <span class='ocrx_word' id='word_1_237' title='bbox 484 2870 546 2922; x_wconf 93' lang='lat' dir='ltr'><strong>tum</strong></span> <span class='ocrx_word' id='word_1_238' title='bbox 563 2863 688 2924; x_wconf 90' lang='lat' dir='ltr'><strong>saevitia</strong></span> <span class='ocrx_word' id='word_1_239' title='bbox 710 2863 818 2938; x_wconf 90' lang='lat' dir='ltr'><strong>maris,</strong></span> <span class='ocrx_word' id='word_1_240' title='bbox 845 2864 949 2937; x_wconf 93' lang='lat' dir='ltr'><strong>quinto</strong></span> <span class='ocrx_word' id='word_1_241' title='bbox 976 2864 1095 2924; x_wconf 90' lang='lat' dir='ltr'><strong>decimo</strong></span> 
     </span>
     <span class='ocr_line' id='line_1_33' title="bbox 116 2946 1096 3021; baseline 0.002 -16"><span class='ocrx_word' id='word_1_242' title='bbox 116 2961 197 3006; x_wconf 88' lang='lat' dir='ltr'><strong>anno</strong></span> <span class='ocrx_word' id='word_1_243' title='bbox 213 2947 319 3006; x_wconf 91' lang='lat' dir='ltr'><strong>sedem</strong></span> <span class='ocrx_word' id='word_1_244' title='bbox 334 2962 445 3021; x_wconf 89' lang='lat' dir='ltr'><strong>cepere</strong></span> <span class='ocrx_word' id='word_1_245' title='bbox 461 2946 541 3006; x_wconf 87' lang='lat' dir='ltr'><strong>circa</strong></span> <span class='ocrx_word' id='word_1_246' title='bbox 555 2947 687 3007; x_wconf 90' lang='lat' dir='ltr'><strong>Lesbum</strong></span> <span class='ocrx_word' id='word_1_247' title='bbox 709 2948 849 3008; x_wconf 88' lang='lat' dir='ltr'><strong>insulam.</strong></span> <span class='ocrx_word' id='word_1_248' title='bbox 878 2949 952 3006; x_wconf 86' lang='lat' dir='ltr'><strong>Tum</strong></span> <span class='ocrx_word' id='word_1_249' title='bbox 969 2946 1096 3008; x_wconf 89' lang='lat' dir='ltr'><strong>Graecia</strong></span> 
     </span>
     <span class='ocr_line' id='line_1_34' title="bbox 115 3029 1096 3106; baseline 0.002 -17"><span class='ocrx_word' id='word_1_250' title='bbox 115 3029 256 3089; x_wconf 92' lang='lat' dir='ltr'><strong>maximis</strong></span> <span class='ocrx_word' id='word_1_251' title='bbox 265 3035 474 3091; x_wconf 89' lang='lat' dir='ltr'><strong>ooocussaest</strong></span> <span class='ocrx_word' id='word_1_252' title='bbox 481 3029 622 3090; x_wconf 88' lang='lat' dir='ltr'><strong>motibus.</strong></span> <span class='ocrx_word' id='word_1_253' title='bbox 646 3030 777 3102; x_wconf 82' lang='lat' dir='ltr'><strong>Achaei,</strong></span> <span class='ocrx_word' id='word_1_254' title='bbox 793 3046 832 3089; x_wconf 90' lang='lat' dir='ltr'><strong>ex</strong></span> <span class='ocrx_word' id='word_1_255' title='bbox 840 3030 992 3090; x_wconf 88' lang='lat' dir='ltr'><strong>Laconica</strong></span> <span class='ocrx_word' id='word_1_256' title='bbox 1004 3029 1096 3106; x_wconf 80' lang='lat' dir='ltr'><strong>pulsi,</strong></span> 
     </span>
     <span class='ocr_line' id='line_1_35' title="bbox 117 3113 1095 3188; baseline 0.001 -16"><span class='ocrx_word' id='word_1_257' title='bbox 117 3129 171 3173; x_wconf 88' lang='lat' dir='ltr'><strong>eas</strong></span> <span class='ocrx_word' id='word_1_258' title='bbox 187 3130 382 3188; x_wconf 90' lang='lat' dir='ltr'><strong>occupavere</strong></span> <span class='ocrx_word' id='word_1_259' title='bbox 394 3114 494 3186; x_wconf 79' lang='lat' dir='ltr'><strong>sediS,</strong></span> <span class='ocrx_word' id='word_1_260' title='bbox 519 3130 596 3188; x_wconf 88' lang='lat' dir='ltr'><strong>quas</strong></span> <span class='ocrx_word' id='word_1_261' title='bbox 612 3131 693 3174; x_wconf 92' lang='lat' dir='ltr'><strong>nunc</strong></span> <span class='ocrx_word' id='word_1_262' title='bbox 708 3113 858 3186; x_wconf 91' lang='lat' dir='ltr'><strong>obtinent,</strong></span> <span class='ocrx_word' id='word_1_263' title='bbox 873 3113 994 3188; x_wconf 80' lang='lat' dir='ltr'><strong>Pelasgi</strong></span> <span class='ocrx_word' id='word_1_264' title='bbox 1001 3114 1095 3174; x_wconf 87' lang='lat' dir='ltr'><strong>Athe·</strong></span> 
     </span>
     <span class='ocr_line' id='line_1_36' title="bbox 116 3197 1095 3272; baseline 0.002 -17"><span class='ocrx_word' id='word_1_265' title='bbox 116 3213 172 3257; x_wconf 91' lang='lat' dir='ltr'><strong>nas</strong></span> <span class='ocrx_word' id='word_1_266' title='bbox 181 3197 435 3270; x_wconf 82' lang='lat' dir='ltr'><strong>commigravere,</strong></span> <span class='ocrx_word' id='word_1_267' title='bbox 452 3213 586 3272; x_wconf 89' lang='lat' dir='ltr'><strong>acerque</strong></span> <span class='ocrx_word' id='word_1_268' title='bbox 597 3198 669 3258; x_wconf 90' lang='lat' dir='ltr'><strong>belli</strong></span> <span class='ocrx_word' id='word_1_269' title='bbox 684 3199 819 3270; x_wconf 91' lang='lat' dir='ltr'><strong>iuvenis,</strong></span> <span class='ocrx_word' id='word_1_270' title='bbox 836 3197 1095 3258; x_wconf 89' lang='lat' dir='ltr'><strong>nomineThessa·</strong></span> 
     </span>
     <span class='ocr_line' id='line_1_37' title="bbox 116 3280 1095 3355; baseline 0.002 -17"><span class='ocrx_word' id='word_1_271' title='bbox 116 3281 181 3353; x_wconf 88' lang='lat' dir='ltr'><strong>lus,</strong></span> <span class='ocrx_word' id='word_1_272' title='bbox 206 3280 329 3340; x_wconf 88' lang='lat' dir='ltr'><strong>natione</strong></span> <span class='ocrx_word' id='word_1_273' title='bbox 343 3281 558 3355; x_wconf 90' lang='lat' dir='ltr'><strong>Thesprotius,</strong></span> <span class='ocrx_word' id='word_1_274' title='bbox 586 3296 654 3342; x_wconf 86' lang='lat' dir='ltr'><strong>eum</strong></span> <span class='ocrx_word' id='word_1_275' title='bbox 668 3296 778 3355; x_wconf 81' lang='lat' dir='ltr'><strong>magna</strong></span> <span class='ocrx_word' id='word_1_276' title='bbox 796 3280 906 3340; x_wconf 87' lang='lat' dir='ltr'><strong>civium</strong></span> <span class='ocrx_word' id='word_1_277' title='bbox 922 3297 1013 3341; x_wconf 89' lang='lat' dir='ltr'><strong>manu</strong></span> <span class='ocrx_word' id='word_1_278' title='bbox 1028 3297 1095 3340; x_wconf 88' lang='lat' dir='ltr'><strong>earo</strong></span> 
     </span>
     <span class='ocr_line' id='line_1_38' title="bbox 115 3363 1095 3440; baseline 0.002 -20"><span class='ocrx_word' id='word_1_279' title='bbox 115 3363 271 3438; x_wconf 82' lang='lat' dir='ltr'><strong>regionem</strong></span> <span class='ocrx_word' id='word_1_280' title='bbox 299 3365 390 3424; x_wconf 89' lang='lat' dir='ltr'><strong>armis</strong></span> <span class='ocrx_word' id='word_1_281' title='bbox 416 3365 592 3440; x_wconf 89' lang='lat' dir='ltr'><strong>occupavit,</strong></span> <span class='ocrx_word' id='word_1_282' title='bbox 620 3381 700 3440; x_wconf 92' lang='lat' dir='ltr'><strong>quae</strong></span> <span class='ocrx_word' id='word_1_283' title='bbox 724 3380 805 3423; x_wconf 90' lang='lat' dir='ltr'><strong>nunc</strong></span> <span class='ocrx_word' id='word_1_284' title='bbox 825 3363 863 3423; x_wconf 90' lang='lat' dir='ltr'><strong>ab</strong></span> <span class='ocrx_word' id='word_1_285' title='bbox 885 3363 951 3424; x_wconf 87' lang='lat' dir='ltr'><strong>eius</strong></span> <span class='ocrx_word' id='word_1_286' title='bbox 972 3364 1095 3423; x_wconf 89' lang='lat' dir='ltr'><strong>nomine</strong></span> 
     </span>
     <span class='ocr_line' id='line_1_39' title="bbox 115 3445 1106 3526; baseline 0 -19"><span class='ocrx_word' id='word_1_287' title='bbox 115 3445 273 3508; x_wconf 84' lang='lat' dir='ltr'><strong>Thessalia</strong></span> <span class='ocrx_word' id='word_1_288' title='bbox 291 3449 475 3523; x_wconf 85' lang='lat' dir='ltr'><strong>appellatur,</strong></span> <span class='ocrx_word' id='word_1_289' title='bbox 498 3457 567 3509; x_wconf 90' lang='lat' dir='ltr'><strong>ante</strong></span> <span class='ocrx_word' id='word_1_290' title='bbox 581 3447 807 3526; x_wconf 83' lang='lat' dir='ltr'><strong>Myrmidonum</strong></span> <span class='ocrx_word' id='word_1_291' title='bbox 831 3448 964 3509; x_wconf 86' lang='lat' dir='ltr'><strong>vocitata</strong></span> <span class='ocrx_word' id='word_1_292' title='bbox 978 3447 1106 3509; x_wconf 80' lang='lat' dir='ltr'><strong>civitas·</strong></span> 
     </span>
    </p>
   </div>
   <div class='ocr_carea' id='block_1_3' title="bbox 0 0 1174 3946">
    <p class='ocr_par' dir='ltr' id='par_1_8' title="bbox 0 0 1174 3946">
     <span class='ocr_line' id='line_1_40' title="bbox 0 0 1174 3946; baseline 0 1"><span class='ocrx_word' id='word_1_293' title='bbox 0 0 1174 3946; x_wconf 95' lang='lat' dir='ltr'><strong> </strong></span> 
     </span>
    </p>
   </div>
  </div>
 </body>
</html>
