2340 3946
132 219 175 283 20
396 214 436 272 M.
457 210 597 271 vietelli
617 206 832 270 PATERCULI

103 368 259 448 aproprie
279 364 473 440 eloquentiae
495 362 617 422 nomine
637 360 786 420 celebrior
810 360 872 420 luit
910 359 998 419 Clara
1020 360 1114 421 etiam

133 468 190 530 per
205 451 285 511 idem
299 447 368 508 aevi
384 447 516 522 spatium
530 447 615 505 luere
628 443 749 518 ingenia
764 444 795 502 in
809 441 920 517 togatis
934 443 1063 516 Afrani,
1084 443 1114 502 in

133 532 300 610 tragoediis
314 531 428 590 Pacuvi
448 537 540 604 atque
553 526 643 600 Acci,
665 527 808 600 usquein
825 526 1012 586 Graecorun.
1030 527 1114 601 inge-

134 621 252 679 niorum
266 615 521 688 comparationem
535 611 632 670 evecti
647 625 851 684 magnumque
863 609 941 669 inter
952 609 1013 669 hos
1026 610 1113 684 ipsos

135 695 275 762 incientis
292 699 377 773 operi
391 713 449 758 suo
464 697 580 766 locum,
595 694 673 753 adeo
690 691 828 767 quidem,
843 692 920 752 utin
936 692 996 752 illis
1013 692 1113 764 limae,

105 787 167 846 ain
189 784 249 844 hoc
269 797 368 858 paene
409 781 456 840 lus
470 778 610 837 videatur
626 776 721 836 luisse
735 775 904 851 sanguinis.
937 775 1069 836 Celebre
1088 785 1114 837 et

135 866 232 928 Lucili
252 880 363 925 nomen
383 797 454 933 fuit,
484 859 536 935 qui
556 861 614 919 sub
634 859 741 919 Publio
761 860 907 919 Africano
927 858 1112 921 Numantino

135 953 216 1011 bello
232 964 328 1024 eques
342 945 531 1012 militaverat;
550 958 612 1018 quo
626 943 748 1017 quidem
761 949 900 1018 tempore
914 943 1046 1003 iuvenes
1062 942 1113 1004 ad·

135 1034 197 1095 lruc
212 1031 355 1108 iugurtha
369 1044 405 1087 ac
419 1027 532 1086 Marius
549 1027 607 1086 sub
622 1026 731 1086 eodem
746 1027 889 1086 Africano
903 1025 1070 1086 militantes
1086 1026 1113 1087 in

137 1118 245 1179 iisdem
261 1113 368 1177 castris
383 1111 527 1183 didicere,
543 1125 622 1183 quae
634 1118 743 1185 postea
752 1108 783 1167 in
796 1109 954 1170 contrariis
968 1110 1114 1171 iacerent

104 1200 336 1264 4Hist0riarum
357 1201 462 1253 auctor
486 1193 546 1252 iam
569 1200 629 1253 turn
652 1192 783 1254 Sisenna
804 1200 870 1252 erat
893 1191 1033 1263 iuvenis;
1060 1193 1111 1253 sed

139 1300 219 1360 opus
233 1279 305 1341 belli
319 1276 415 1337 civilis
431 1275 609 1351 Sullanique
625 1282 697 1350 post
710 1277 826 1350 aliquot
841 1291 938 1335 annos
954 1276 994 1335 ab
1011 1293 1050 1336 eo
1068 1291 1110 1336 se

137 1368 223 1426 niore
238 1362 351 1421 editum
366 1369 421 1420 est.
446 1360 603 1419 vetustior
615 1358 746 1419 Sisenna
760 1360 814 1420 luit
829 1359 957 1431 Caelius,
974 1360 1110 1434 aequalis

140 1448 289 1508 Sisennae
309 1442 439 1502 Rutilius
460 1442 665 1516 Claudiusque
686 1441 903 1516 Quadrigarius
924 1448 954 1501 et
969 1442 1110 1502 Valerius

107 1529 255 1594 5Antias.
289 1525 369 1586 Sane
390 1542 452 1585 non
473 1525 647 1599 ignoremus
668 1526 776 1585 eadem
796 1532 894 1585 aetate
913 1525 1014 1584 fuisse
1028 1524 1108 1586 Pom·

137 1609 264 1687 ponium
279 1609 422 1670 sensibus
438 1608 603 1682 celebrem,
623 1610 725 1668 verbis
740 1608 862 1680 rudem,
878 1616 908 1668 et
921 1609 1057 1668 novitate
1071 1608 1108 1668 in·

136 1694 219 1753 venti
234 1711 252 1752 a
266 1709 302 1752 se
317 1692 420 1766 operis
437 1691 716 1752 commendabilem.

108 1791 124 1840 1
222 1776 258 1834 X.
280 1775 636 1848 Prosequamurtnotam]
649 1775 841 1834 severitatem
854 1789 1019 1834 censorum
1029 1772 1109 1835 Cassi

137 1859 267 1932 Longini
279 1856 512 1931 Caepionisque,
530 1858 581 1933 qui
595 1858 706 1917 abhinc
720 1873 818 1916 annos
834 1865 953 1917 centum
964 1857 1109 1933 quinqua·

138 1942 222 2016 ginta
235 1941 289 2001 tris
304 1939 453 2014 Lepidum
466 1940 626 2000 Aemilium
641 1955 802 2014 augurem,
822 1941 905 2014 quod
920 1956 978 1999 sex
992 1940 1110 2002 milibus

138 2024 199 2085 HS.
215 2024 300 2084 aedis
318 2023 530 2097 conduxisset,
546 2024 656 2083 adesse
671 2023 841 2092 iusserunt;
860 2029 892 2081 at
904 2038 985 2082 nunc
1000 2025 1029 2082 si
1046 2025 1110 2099 quis

137 2109 211 2167 tanti
231 2106 358 2179 habitet,
385 2107 435 2164 vix
454 2114 488 2167 ut
509 2113 632 2166 senator
651 2105 842 2179 agnoscitur:
869 2106 948 2165 adeo
963 2115 1110 2167 matures

137 2191 230 2248 rectis
243 2190 284 2266 [in
295 2190 368 2249 vitia
378 2190 470 2262 vitiis]
485 2191 517 2248 in
532 2204 634 2262 prava,
652 2205 670 2248 a
684 2189 787 2263 pravis
805 2190 836 2248 in
850 2189 1031 2263 praecipitia
1046 2205 1110 2265 per-

107 2289 124 2340 2
138 2273 266 2332 venitur.
298 2272 413 2332 Eodem
434 2279 531 2333 tractu
551 2281 721 2345 temporum
741 2280 771 2332 et
784 2271 895 2332 Domiti
910 2288 949 2331 ex
963 2273 1112 2332 Arvernis

139 2363 169 2415 et
179 2355 253 2414 Fabi
268 2371 307 2415 ex
317 2354 535 2430 Allobrogibus
550 2354 679 2414 victoria
693 2355 748 2415 luit
761 2356 889 2424 nobilis;
908 2353 1013 2431 Fabio,
1029 2355 1110 2415 Pauli

139 2437 252 2512 nepoti,
268 2454 307 2497 ex
320 2439 447 2500 victoria
462 2453 631 2511 cognomen
646 2438 843 2513 Allobrogico
858 2438 995 2498 inditum.
1023 2439 1109 2499 Note·

55 2524 58 2529 '
138 2529 187 2580 tur
197 2521 346 2582 Domitiae
360 2521 489 2583 familiae
502 2521 666 2593 peculiaris
683 2523 833 2596 quaedam
845 2528 874 2580 et
888 2527 920 2580 ut
934 2523 1110 2594 clarissima,

139 2605 181 2664 ita
198 2612 294 2665 artata
308 2621 434 2666 numero
450 2603 587 2664 felicitas.
621 2603 744 2678 Septem
765 2612 835 2664 ante
855 2604 936 2663 hune
958 2604 1109 2665 nobilissi-

58 2751 64 2759 ,
138 2703 206 2746 mae
228 2688 427 2763 simplicitatis
449 2687 590 2746 iuvenem
612 2687 663 2746 Cn.
685 2686 848 2747 Domitium
873 2688 957 2746 luere
983 2687 1110 2762 singulis

140 2771 263 2831 omnino
286 2769 462 2845 parentibus
477 2769 585 2842 geniti,
609 2771 666 2829 sed
681 2786 786 2830 omnes
802 2771 842 2830 ad
856 2773 1048 2831 consulatum
1064 2786 1109 2830 sa-

140 2852 351 2927 cerdotiaque,
377 2852 417 2912 ad
435 2850 579 2925 triumphi
599 2859 699 2913 autem
719 2869 819 2927 paene
834 2869 940 2914 omnes
961 2869 1109 2928 pervene-

137 2942 208 2993 runt
221 2936 360 3012 insignia.

107 3025 122 3075 1
220 3019 270 3078 XI.
298 3019 415 3078 Bellum
435 3017 547 3077 deinde
566 3018 773 3091 Iugurthinum
794 3027 913 3093 gestum
934 3028 982 3079 est
1001 3036 1058 3094 per
1079 3019 1109 3092 Q.

137 3100 304 3171 Metellum,
328 3100 400 3160 nulli
414 3101 583 3161 secundum
598 3104 694 3162 seculi
710 3104 767 3162 sui.
799 3102 896 3162 Huius
917 3104 1035 3176 legatus
1058 3102 1111 3163 luit

138 3182 168 3243 C.
184 3184 315 3257 Marius,
336 3197 426 3257 quem
440 3184 661 3259 praediximus,
677 3193 765 3246 natus
782 3186 894 3258 agresti
908 3187 993 3261 loco,
1015 3186 1110 3246 hirtus

137 3275 230 3341 atque
244 3266 386 3327 horridus
401 3267 525 3341 vitaque
540 3277 677 3340 sanctus,
706 3276 852 3344 quantum
872 3270 952 3329 bello
969 3270 1111 3343 optimus,

136 3356 251 3410 tantum
267 3364 343 3424 pace
357 3350 526 3424 pessimus,
548 3351 728 3412 immodicus
743 3352 873 3426 gloriae,
896 3351 1111 3428 [insatiabilis]

105 3439 122 3489 2
137 3432 298 3508 impotens,
311 3447 496 3510 semperque
506 3434 670 3511 inquietus.
691 3435 748 3495 Hic
759 3451 815 3510 per
825 3436 1006 3510 publicanos
1019 3436 1110 3496 alios-

104 3670 245 3716 A
