2370 3946
241 242 450 304 Htsrontaa
472 240 665 303 ROMANAE
685 242 726 316 11,
752 251 810 304 tol.
830 252 890 305 loa.
1020 239 1061 306 75

83 398 160 468 lura,
183 395 360 468 consulatu,
382 392 550 469 provinciis
565 393 748 453 honoratum
762 393 854 452 edam
868 393 1061 456 matrimonio

83 479 197 539 sororis
210 492 289 539 suae
303 476 384 537 illine
404 478 435 536 in
454 476 656 538 arctissimam
676 476 863 535 adfinitatem
883 485 1060 552 receperam

80 560 280 637 Quintiusque
296 561 471 636 Orlspinus,
497 561 684 635 singularem
704 559 871 634 nequitiam
895 561 1091 635 supercili05

80 646 154 706 truci
170 654 346 722 protegens,
362 651 393 705 et
406 645 528 721 Appius
544 644 689 705 Claudius
704 651 735 703 et
749 642 951 718 Sempronius
968 645 1059 707 Grac-

77 729 152 790 ·ehus
169 745 208 790 ac
223 728 328 804 Scipio
343 729 457 805 aliique
477 729 602 789 minoris
621 725 752 788 nominis
767 727 928 803 utriusque
943 729 1059 791 ordinis

78 812 133 873 viri
144 812 236 888 quasi
247 813 409 874 cuiuslibet
420 828 519 873 uxore
530 811 642 873 violata
655 826 774 888 poenas
787 811 975 887 pependere,
991 829 1059 874 cum

81 896 220 958 caesaris
236 897 330 957 liliam
345 903 375 957 et
387 895 517 957 Neronis
535 897 706 957 violassent
719 893 889 970 coniugem.
923 895 998 956 lulia
1011 911 1058 958 re·

79 981 177 1056 legata
190 981 222 1040 in
236 978 367 1040 insulam
381 981 560 1055 patriaeque
572 987 602 1040 et
616 987 774 1056 parentum
786 979 938 1040 subducta
951 981 1057 1055 oculis,

80 1079 168 1139 quam
194 1071 295 1125 mmen
318 1064 461 1125 comitata
484 1070 581 1124 mater
606 1063 767 1124 Scribonia
792 1063 962 1124 voluntaria
987 1064 1059 1123 exili

80 1149 244 1222 permansit
259 1162 374 1208 comes.

161 1232 206 1292 cl.
234 1232 334 1292 Breve
345 1232 385 1291 ab
399 1232 459 1293 hoc
474 1229 691 1292 intercesserat
701 1231 845 1305 spatium,
860 1247 931 1293 cum
943 1231 973 1291 C.
984 1231 1057 1291 Cae·
1074 1243 1089 1293 1

81 1332 128 1375 sar
148 1324 220 1376 ante
240 1317 307 1377 aliis
327 1314 494 1391 provinciis
515 1316 556 1375 ad
579 1315 742 1375 visendum
767 1314 858 1376 obitis
884 1315 915 1376 in
936 1314 1058 1393 Syriam

81 1400 205 1474 missus,
228 1408 380 1461 convento
396 1398 481 1475 prius
494 1399 536 1458 Tl.
551 1399 688 1471 Nerone,
705 1398 754 1458 oui
771 1414 893 1460 onmem
909 1399 1057 1462 honorem

81 1492 109 1544 ut
121 1483 275 1560 superiori
290 1484 408 1555 habuit,
425 1491 485 1544 tam
501 1483 585 1542 varie
600 1498 635 1542 se
649 1483 691 1541 ibi
704 1483 817 1558 gessit,
833 1491 867 1545 ut
882 1500 938 1544 nec
953 1484 1058 1545 lauda-

81 1575 176 1629 turum
198 1583 308 1643 magna
322 1584 379 1628 nec
394 1568 634 1642 vituperaturum
656 1566 821 1625 mediocris
841 1567 968 1627 materia
984 1568 1058 1627 defi·

80 1652 142 1713 ciat.
168 1652 242 1713 Cum
254 1667 328 1726 rege
338 1651 528 1724 Parthorum,
543 1650 654 1711 iuvene
664 1649 889 1725 excelsissimo,
905 1649 1058 1724 ininsula,
1073 1655 1090 1708 a

79 1753 168 1811 quam
182 1738 280 1796 amnis
293 1734 466 1810 Euphrates
481 1733 647 1806 ambiebat,
663 1741 795 1808 aequato
812 1735 972 1810 utriusque
989 1749 1057 1810 par·

78 1819 113 1880 tls
134 1836 263 1881 numero
285 1821 371 1888 coiit;
398 1819 483 1894 quod
504 1819 713 1894 spectaculum
738 1821 847 1879 stantis
871 1834 910 1878 ex
932 1817 1055 1879 diverso

78 1902 144 1964 hinc
158 1902 304 1979 Romani,
327 1904 408 1964 illinc
422 1903 601 1964 Parthorum
623 1901 791 1976 exercitus,
812 1918 881 1963 cum
896 1903 958 1963 duo
979 1903 1057 1962 inter
1165 1974 1170 1983 ἤ

78 2003 109 2047 se
124 1988 365 2048 eminentissima
385 1987 581 2063 imperiorum
597 1993 627 2047 et
642 1986 798 2047 hominum
814 1987 931 2047 coirent
946 1985 1055 2061 capita,

76 2087 222 2147 perquam
244 2073 358 2132 clarum
379 2079 410 2132 et
430 2071 627 2132 memorabile
647 2071 705 2131 sub
729 2070 814 2131 initia
834 2071 1056 2146 stipendiorum

75 2168 211 2232 meorum
226 2156 349 2216 tribuno
364 2155 490 2216 militum
504 2155 577 2215 mihi
592 2154 694 2216 visere
710 2155 843 2230 contigit.
872 2155 965 2228 Quem
982 2154 1088 2216 mili-3

74 2239 132 2299 tlac
147 2239 277 2314 gradum
293 2246 363 2299 ante
377 2239 436 2298 sub
451 2247 537 2314 patre
553 2246 620 2312 tuo,
635 2238 675 2297 Μ.
690 2239 806 2312 Vinici,
821 2247 852 2299 et
865 2238 897 2298 P.
913 2238 987 2299 Silio
1003 2255 1056 2299 au-

73 2322 211 2397 spicatus
227 2323 257 2383 in
271 2323 399 2383 Thracia
414 2323 672 2397 Macedoniaque,
698 2336 770 2381 mox
783 2322 902 2384 Achaia
916 2322 1056 2398 Asiaque

72 2415 102 2467 et
126 2407 270 2468 omnibus
296 2407 335 2467 ad
360 2406 514 2468 Orientem
540 2406 617 2466 visis
643 2404 811 2480 provinciis
837 2414 867 2467 et
888 2416 942 2466 ore
962 2413 1055 2482 atque

71 2499 205 2567 utroque
227 2492 319 2552 maris
340 2490 457 2552 Pontici
478 2491 572 2551 latere
591 2489 673 2550 haud
694 2488 859 2549 iniucunda
881 2496 925 2550 tot
943 2506 1054 2564 rerum,

70 2575 226 2646 locorum,
249 2575 399 2649 gentium,
424 2575 544 2638 urbium
559 2573 773 2635 recordatione
788 2572 937 2647 perirnor.
969 2572 1088 2634 Priora

68 2656 200 2719 Parthus
222 2659 306 2734 apud
321 2660 426 2719 Gaium
447 2660 477 2719 in
498 2665 604 2721 nostra
623 2657 707 2733 ripa,
729 2657 882 2733 posterior
900 2656 950 2716 hic
970 2657 1054 2731 apud

69 2757 176 2819 regem
190 2742 220 2801 in
235 2743 338 2803 hostili
354 2745 496 2818 epulatus
511 2751 568 2803 est.

155 2826 214 2886 cll.
246 2826 313 2900 Quo
335 2833 475 2902 tempore
489 2824 529 2886 Μ.
544 2826 636 2902 Lolli,
664 2841 755 2902 quem
775 2826 869 2886 veluti
882 2824 1086 2885 moderato-1

67 2924 133 2970 rem
156 2913 297 2971 iuventae
317 2909 360 2970 fili
382 2911 430 2969 sui
447 2911 606 2985 Augustus
629 2925 700 2970 esse
714 2910 870 2982 voluerat,
892 2908 1010 2984 perfida
1026 2914 1055 2968 et

69 2995 162 3068 plena
178 2993 301 3054 subdoli
317 3009 352 3054 ac
367 2994 481 3053 versuti
500 2995 592 3054 animi
606 2994 734 3055 consilia
749 3009 805 3069 per
818 2992 960 3053 Parthum
976 2989 1053 3052 indi-

68 3076 143 3138 cata
153 3076 277 3138 Caesari
293 3079 373 3137 lama
388 3072 538 3159 vudguvln
555 3079 644 3139 cuius
659 3093 743 3138 mors
758 3078 837 3137 intra
852 3090 969 3152 paucos
985 3074 1051 3135 dies

67 3161 193 3222 tonuita
208 3179 246 3222 an
262 3162 434 3224 voluntarla
454 3162 545 3222 luerit
561 3161 682 3237 ignoro.
712 3161 776 3222 Sed
791 3177 883 3237 quam
903 3159 985 3219 hunc
1000 3158 1084 3217 det

67 3246 206 3306 cessisse
221 3245 323 3325 laetati
338 3246 493 3318 homines,
515 3251 574 3304 tam
596 3248 688 3321 paulo
705 3254 777 3321 post
791 3245 897 3307 obisse
912 3240 1052 3303 censori-

67 3344 141 3389 num
156 3330 186 3388 in
202 3329 311 3389 iisdem
327 3327 494 3404 provinciis
509 3329 642 3404 graviter
656 3329 723 3388 tulit
737 3328 860 3402 civitas,
885 3327 983 3388 tirum
999 3325 1052 3385 de·

67 3412 225 3474 merendis
251 3412 425 3474 hominibus
450 3414 595 3488 genitum.
627 3412 805 3473 Armeniam
826 3412 939 3473 deinde
960 3409 1086 3470 Gaius3

68 3495 230 3572 ingressus
245 3497 343 3572 prima
358 3503 444 3573 parte
458 3494 599 3561 introitus
615 3512 767 3574 prospere
777 3511 841 3557 rem
853 3497 968 3571 cassita
981 3509 1056 3554 mox
