2340 3946
211 208 420 271 HISTORIAE
438 208 631 271 ROMANAE
652 210 694 284 ll,
716 218 759 271 55.
772 217 816 273 56.
963 209 1004 272 49

11 365 119 427 iidesa
141 361 255 439 quippe
276 378 346 423 cum
360 361 532 421 venientem
553 377 623 422 eum
641 367 812 422 tentassent
832 361 953 423 insidiis
969 379 1006 423 ac

13 447 137 509 deinde
149 446 229 507 bello
244 448 400 506 lacessere
416 445 577 518 auderent,
599 442 720 518 utrique
734 459 852 505 smnmo
874 445 1005 521 impera·

13 537 123 592 torum
136 529 221 591 alteri
236 531 373 607 [mortum
388 530 486 606 alleri]
497 526 655 602 superstiti
663 528 784 588 meritas
797 544 913 602 poenas
921 529 1005 590 luere

17 613 195 689 suppliciis.
231 613 389 686 Nusquam
404 619 469 672 erat
479 610 644 686 Pompeias
660 625 807 686 corpore,
823 612 926 672 adhuc
939 613 1034 681 uhi-2

10 713 84 773 ,que
105 696 230 757 vivebat
249 694 387 757 nominet
409 697 525 770 quippe
545 694 653 768 ingens
679 694 810 769 partium
830 695 897 756 eius
918 696 1006 756 lavor

17 781 138 842 bellum
164 780 351 840 excitaverat
371 779 525 852 Africum,
559 776 645 853 quod
670 777 770 839 ciebat
792 775 849 837 rex
873 779 947 839 Iuba
977 787 1006 839 et

18 862 146 939 Scipio,
164 863 209 922 vir
217 863 402 934 consularis,
419 861 649 923 antehiennium
656 877 749 938 quam
763 861 1006 936 exstingueretur

18 946 204 1021 Pompeius,
227 949 324 1008 lectus
340 947 378 1006 ab
394 961 431 1006 eo
447 961 551 1018 socer,
574 961 743 1020 eorumque
757 945 864 1020 copias
880 952 1007 1007 auxerat

18 1031 64 1090 Μ.
74 1029 344 1105 Catoingenticum
359 1028 536 1090 diiiicultate
551 1029 896 1104 itinerumr'oeorumque
903 1029 1006 1104 inopia

23 1114 183 1190 perductis
198 1115 238 1175 ad
253 1131 308 1175 eos
323 1113 511 1188 legionibus3
535 1113 588 1187 qui
602 1114 663 1188 vir,
685 1129 754 1174 cum
774 1129 926 1173 summum
940 1113 967 1173 ei
988 1129 1007 1172 a

22 1197 169 1258 militibus
185 1198 353 1258 deferretur
366 1196 541 1273 imperium,
563 1196 751 1259 honoratiori
768 1212 878 1272 parere
892 1197 1005 1257 maluit.

113 1281 174 1341 LV.
215 1283 369 1342 Admonet
393 1281 567 1356 promissae
591 1281 748 1342 brevitatis
773 1281 867 1355 fides,
893 1287 1033 1355 quantol

22 1365 129 1425 omnia
142 1373 322 1427 transcursu
337 1365 468 1425 dicenda
488 1364 557 1424 sint.
588 1363 730 1439 Sequens
751 1364 903 1425 fortunam
919 1381 1006 1425 suam

24 1447 142 1508 Caesar
156 1456 322 1523 pervectus
343 1449 372 1507 in
388 1449 525 1508 Africam
540 1456 602 1519 est,
625 1465 717 1521 quam
740 1447 844 1510 occiso
867 1448 1005 1523 Ciuione,

22 1531 210 1592 Iulianarum
218 1533 296 1592 duce
307 1532 447 1607 partium,
460 1529 637 1604 Pompeiani
649 1531 826 1592 obtinebant
836 1534 1005 1594 exercitus:

22 1613 66 1675 ibi
82 1616 181 1689 primo
196 1616 282 1674 varia
297 1617 432 1685 fortuna,
448 1629 519 1673 mox
535 1614 683 1687 pugnavit
696 1629 767 1684 sua,
783 1613 1007 1689 inclinataeque

18 1696 161 1775 hostium
176 1695 301 1772 copiae;
323 1712 380 1756 nec
396 1695 552 1757 dissimilis
573 1695 615 1754 ibi
631 1696 780 1756 adversus
801 1695 900 1759 victos
916 1714 1006 1772 quam

24 1780 54 1841 in
70 1781 195 1855 priores
211 1780 370 1841 clementia
383 1779 523 1840 Caesaris
540 1780 604 1840 fuit.
626 1779 781 1840 Victorem
788 1779 924 1840 Africani
936 1781 1035 1846 hellin

25 1866 84 1943 [a]
94 1864 256 1924 Caesarem
268 1864 393 1939 gravius
407 1861 837 1939 excepitHispaniense,(nam
853 1864 952 1925 victus
967 1864 1005 1925 ab

26 1962 63 2006 en
78 1946 253 2006 Pharnaces
273 1946 326 2005 vix
341 1945 505 2021 quicquam
525 1945 640 2020 gloriae
655 1946 722 2006 eius
737 1947 901 2019 adstruxit)
922 1949 1006 2022 quod

27 2030 79 2090 Cn.
95 2029 274 2104 Pompeius,
289 2029 392 2104 Magni
406 2030 502 2103 lilius,
524 2029 708 2090 adulescens
723 2029 855 2105 impetus
870 2032 910 2091 ad
927 2030 1007 2090 bella

23 2111 164 2185 maximi,
187 2112 351 2187 ingens-aa
365 2111 498 2173 terribile
519 2111 707 2175 conflaverat
724 2114 862 2187 undique
882 2115 1006 2176 adeum

28 2196 128 2256 adhuc
143 2197 261 2271 paterni
276 2196 407 2256 nominis
421 2194 659 2269 magnitudinem
675 2198 868 2272 sequentiam
889 2213 927 2257 ex
941 2204 1005 2260 toto

32 2279 102 2343 arbe
128 2286 276 2340 terrarum
300 2279 421 2339 auxiliis
447 2278 682 2340 confluentibus.
715 2280 779 2342 Sua
794 2281 955 2342 Caesarem
976 2282 1034 2344 int

30 2357 206 2437 Hispaniam
218 2363 359 2424 comitata
375 2363 495 2421 fortuna
506 2369 567 2435 est,
583 2362 640 2421 sed
654 2364 770 2423 nullum
780 2380 914 2439 unquam
926 2372 1005 2426 atro·

29 2446 93 2506 cius
110 2446 377 2522 periculosiusque
392 2444 430 2504 ab
442 2459 480 2504 eo
494 2444 599 2504 initum
614 2446 778 2519 proelium,
794 2446 873 2507 adeo
889 2449 1005 2523 utplus

29 2546 120 2604 quam
136 2528 229 2591 dubio
247 2529 344 2589 Marte
359 2528 561 2589 descenderet
581 2544 662 2602 equo
685 2529 921 2603 consistensque
937 2538 1006 2590 ante

27 2613 222 2673 recedentem
243 2630 368 2674 suorum
389 2611 485 2673 aciem
499 2610 646 2687 increpita
663 2612 747 2688 prius
763 2614 898 2686 fortuna,
922 2613 1004 2686 qarod

29 2712 63 2757 se
77 2697 109 2758 in
125 2712 194 2756 eum
209 2705 365 2765 servasset
376 2697 506 2770 exitum,
521 2696 712 2757 denuntiaret
721 2697 864 2757 militibus
875 2697 1005 2772 vestigio

29 2795 63 2840 se
77 2797 140 2844 non
154 2795 365 2850 recessurum
381 2781 511 2855 proinde
525 2779 677 2853 viderent,
701 2799 792 2857 quem
808 2787 838 2841 et
858 2796 920 2857 quo
936 2782 1005 2843 loco

29 2863 242 2940 imperatorem
263 2865 414 2925 deserturi
435 2866 542 2924 lorent.
570 2865 765 2925 verecundia
792 2866 888 2940 magis
916 2882 1033 2940 quaml

28 2945 139 3007 virtute
154 2949 237 3007 acies
251 2949 389 3008 restituta
404 2953 435 3006 et
448 2963 465 3004 a
481 2947 559 3005 duce
575 2962 666 3020 quam
681 2947 803 3007 amilite
818 2949 936 3008 lortius.
952 2949 1004 3008 Cn.

24 3028 207 3106 Pompeius,
222 3032 325 3106 gravis
339 3031 466 3090 vulnere
477 3030 618 3088 inventus
634 3030 711 3089 inter
723 3029 904 3090 solitudines
918 3031 1005 3089 avias

13 3111 227 3189 ,interemptus
242 3123 305 3186 est;
321 3113 485 3175 Labienum
500 3114 677 3188 Verumque
691 3114 774 3173 acies
790 3110 922 3173 abstuht.

110 3198 186 3257 LVI.
210 3199 322 3259 Caesar
333 3197 466 3259 omnium
474 3197 571 3256 victor
578 3211 741 3271 regressus
752 3196 782 3257 in
793 3195 909 3270 urbem,
923 3197 1029 3271 quedl

27 3278 192 3341 humanam
206 3282 338 3342 excedat
353 3281 459 3352 iidem,
486 3280 626 3341 omnibus
653 3282 704 3356 qui
730 3286 836 3343 contm
859 3295 895 3340 se
920 3295 1004 3339 arma

29 3365 173 3436 tulerant,
190 3363 307 3439 ignovit
317 3371 347 3424 et
358 3363 666 3439 magnificentissimis
677 3362 850 3440 gladiatorii
860 3362 1004 3439 muneris,

28 3448 226 3509 naumachiae
242 3456 271 3509 et
286 3449 420 3524 equitum
436 3447 648 3523 peditumque,
670 3451 757 3511 simul
773 3447 1004 3523 elephantorum

67 3532 191 3590 vatter.
210 3531 340 3591 Pareae.
824 3538 847 3591 t
