2340 3946
190 244 230 310 lt
475 242 672 306 M.'VELLEI
686 245 901 307 PATERCULI
930 290 933 296 .

186 414 292 489 viginti
314 427 412 472 annos
436 412 466 471 in
483 411 647 486 Bagiennis
664 412 819 486 Eporedia
840 412 934 472 Mario
958 414 1088 474 sexiens
1112 416 1159 474 V.·

187 498 325 571 lerioque
339 495 450 556 Flacco
466 495 654 556 oonsulibus.
683 495 789 570 Neque
805 495 893 554 lacile
905 498 1075 565 memoriae
1090 496 1160 558 mati

189 578 334 653 (laverim,
351 595 439 654 quae,
455 578 513 638 nisi
525 579 669 650 militaris,
686 585 758 653 post
771 579 830 638 hoc
844 586 964 654 tempus
977 580 1115 641 deducta
1125 582 1158 643 sit

157 669 173 722 1
271 663 349 723 XVI.
391 662 463 722 Cum
478 662 555 721 haee
576 663 723 736 particula
739 662 842 736 opens
858 663 940 722 velut
954 663 1086 724 formam
1144 692 1148 717 t

187 747 280 823 positi
303 746 487 818 excesserit,
515 761 699 820 quamquam
723 744 866 820 intellego
892 745 965 805 mihi
985 745 1017 805 in
1042 747 1155 810 lract

186 829 349 905 praecipiti
361 829 568 902 festinatione,
590 845 668 904 quae
683 844 731 888 me
744 836 829 888 rotae
845 829 974 903 pronive
988 830 1124 905 gurgitis
1141 856 1161 883 2«

189 914 312 975 verticis
336 913 429 973 modo
444 927 596 986 nusquam
625 913 735 988 patitur
753 912 935 987 consistere,
958 927 1061 987 paene
1075 932 1160 983 ma*

189 998 367 1057 necessaria
383 995 604 1071 praetereunda
625 1012 715 1070 quam
738 1011 932 1071 supervacua
947 997 1160 1071 amplectend

188 1096 312 1157 nequeo
332 1087 433 1139 tamen
451 1085 621 1153 temperare
635 1079 723 1154 mihi,
749 1079 821 1154 quin
836 1096 902 1140 rem
915 1096 1011 1155 saepe
1028 1085 1149 1156 agitato

188 1165 290 1224 animo
306 1178 375 1223 meo
391 1163 544 1237 nequead
558 1162 706 1237 liquidum
721 1162 839 1223 ratione
856 1164 1036 1238 perductam
1052 1168 1158 1242 signe

156 1249 269 1315 astilo.
299 1247 373 1321 Quis
389 1246 469 1304 enirn
493 1246 615 1306 abunde
630 1247 731 1307 mirari
745 1248 861 1322 potes't,
891 1248 975 1320 quod
994 1249 1121 1309 eminen

189 1332 267 1391 sima
279 1331 429 1404 cuiusque
444 1330 648 1404 professionis
663 1331 783 1406 ingenia
803 1330 834 1389 in
856 1331 984 1390 eandem
996 1332 1131 1392 sormam
1144 1357 1157 1381 r

189 1415 219 1473 in
233 1413 314 1473 idem
329 1414 416 1474 artati
430 1413 577 1489 temporis
589 1420 794 1488 congruerunt
807 1414 954 1489 spatium,
976 1421 1007 1474 et
1023 1432 1144 1491 quemn

190 1497 313 1556 modum
336 1500 441 1557 clausa
467 1513 562 1573 capso
587 1498 708 1573 alioque
733 1505 821 1572 septo
841 1497 954 1557 diversi
968 1499 1096 1572 generis
1112 1499 1150 1560 ani

189 1581 280 1639 malin
294 1581 490 1642 nihilominus
506 1589 649 1657 separata
661 1581 767 1640 alienis
790 1581 820 1639 in
835 1597 929 1641 unum
945 1598 1092 1657 quaeque
1108 1598 1150 1644 cor

190 1679 250 1739 pus
266 1671 497 1740 congregantur,
513 1665 555 1725 ita
570 1666 718 1738 cuiusque
736 1663 809 1724 clari
824 1664 928 1739 operis
944 1668 1075 1740 capacia
1090 1684 1146 1734 m>

190 1747 241 1805 nia
255 1746 285 1805 in
307 1746 502 1808 similitudine
525 1755 554 1807 et
568 1754 738 1821 temporum
754 1754 784 1807 et
800 1750 990 1823 profectuum
1005 1752 1147 1826 semetip

159 1828 230 1894 aab
260 1829 327 1889 aliis
355 1838 584 1906 separaverunt.
620 1831 688 1890 Una
714 1846 816 1904 neque
837 1834 999 1893 multorum
1021 1850 1105 1897 enno
1144 1858 1157 1880 r

192 1913 291 1986 spatio
314 1913 413 1973 divisa
432 1920 516 1972 aetas
538 1929 594 1987 per
608 1913 702 1972 divini
717 1914 843 1986 spiritns
861 1914 942 1976 viros
945 1914 1109 1997 ,Aeschyl
1136 1945 1158 1990 o,

193 1995 378 2071 Sophoclen,
385 1994 562 2071 Euripiden,
576 1997 668 2056 inlust
657 1997 952 2071 travittragoediam,
963 2016 1026 2058 una
1037 2004 1158 2075 prise

191 2081 273 2140 illam
289 2085 319 2139 et
333 2085 465 2138 veterem
479 2077 536 2137 sub
549 2078 669 2138 Cratino
671 2079 898 2155 ,Aristophane
912 2089 943 2142 et
954 2083 1111 2159 Eupolide
1128 2072 1157 2163 χ’

190 2162 357 2231 moediam;
379 2176 415 2219 ac
436 2176 547 2221 novam
563 2164 733 2235 [uomicam]
749 2163 935 2226 Menandrus
962 2169 1159 2244 aequalesq

192 2245 259 2306 eius
282 2245 389 2303 aetatis
413 2259 474 2303 non
489 2247 587 2320 magis
603 2264 692 2321 quam
709 2249 812 2322 operis
826 2249 961 2310 Philemo
980 2266 1017 2310 ac
1029 2250 1158 2328 Diphilo,

192 2334 222 2388 et
234 2328 467 2389 invenereintrc
484 2331 688 2404 paucissimos
704 2347 803 2393 annos
818 2350 920 2409 neque
936 2332 1115 2396 imitandam
1144 2359 1162 2383 ν

159 2412 319 2485 qliquere.
358 2412 614 2511 Philosophorum
643 2432 767 2492 quoque
791 2417 913 2492 ingenia
934 2417 1095 2481 Socratico
1119 2436 1163 2481 o·⁴

191 2494 356 2575 delluentia
364 2498 506 2572 omnium,
520 2515 598 2573 quos
611 2500 778 2575 pauloante
789 2503 1043 2574 enumeravimus,
1056 2519 1138 2578 quan
1160 2521 1163 2548 ³

190 2587 263 2664 post
276 2579 410 2641 Platonis
425 2582 660 2656 aristotelisque
670 2589 796 2642 mortem
813 2583 946 2644 floruere
956 2586 1079 2661 spatio?
1094 2580 1166 2662 Qut

191 2669 262 2722 ante
275 2663 446 2736 Isocraten,
471 2666 544 2740 quid
557 2672 629 2740 post
642 2666 708 2725 eius
724 2667 879 2727 auditores
893 2685 1064 2747 eorumque
1079 2669 1166 2732 disci

192 2746 282 2818 pulos
308 2748 453 2807 clarum
446 2765 476 2807 m
498 2747 668 2809 oratoribus
684 2747 760 2808 tutte
788 2751 867 2812 adeo
893 2755 1016 2829 quidem
1041 2750 1166 2815 artaturt

192 2829 341 2902 angustiis
362 2838 547 2907 temporum,
579 2837 613 2891 ut
636 2847 726 2892 nemo
748 2838 895 2896 memoria
915 2838 1025 2912 dignus
1042 2834 1166 2898 alterni

192 2912 286 2972 ιιιιιο
298 2913 396 2974 videri
414 2914 613 2989 nequiverint.
1157 2924 1166 3011 'p

162 3003 177 3056 l
274 2996 369 3056 XVII.
413 2998 519 3072 Neque
532 2996 614 3056 ιιι
606 3014 635 3058 m
653 2999 777 3062 Graecis
793 3019 884 3078 quam
895 3001 925 3061 in
939 3003 1087 3062 Romanis
1100 3012 1166 3099 evol

192 3078 236 3139 nit
245 3081 357 3155 megis=
373 3097 444 3139 nam
455 3080 514 3138 nisi
527 3097 639 3155 aspera
653 3099 690 3143 ac
703 3086 790 3146 rudia
804 3091 925 3160 repetas
937 3091 966 3143 et
979 3085 1094 3144 inventi
1106 3064 1166 3146 ud

194 3164 298 3223 danda
312 3162 444 3234 nomine,
466 3163 496 3221 in
510 3165 606 3225 Accio
623 3167 765 3242 circaque
777 3185 847 3228 eum
859 3167 998 3228 Romana
994 3158 1166 3293 tragoedi!

193 3251 255 3315 est;
269 3246 439 3321 dulcesque
449 3246 546 3307 Latini
561 3249 676 3324 leporis
692 3253 818 3312 facetiae
830 3250 1166 3325 perCaeciliumToren

160 3335 177 3386 ι
191 3329 329 3403 tiumque
343 3335 374 3388 et
387 3329 546 3390 Afranium
560 3335 687 3408 suppari
703 3340 802 3394 aetate
815 3333 978 3395 nituerunt.
1000 3302 1166 3395 Historieol'

195 3412 300 3486 etiam,
321 3419 355 3472 ut
368 3412 486 3473 Livium
502 3431 626 3492 quoque
642 3416 777 3492 priorum
790 3417 880 3477 aetati
895 3424 1029 3490 astruas,
1050 3412 1166 3491 praetel

195 3493 342 3555 Catonem
361 3503 391 3555 et
406 3498 558 3572 quosdam
574 3506 692 3559 veteres
717 3507 748 3559 et
770 3499 936 3574 obscuros,
957 3501 1058 3562 minus
1087 3507 1166 3561 octot
