2370 3946
276 213 485 274 HISTORIAE
506 204 697 274 ROMANAE
720 212 761 287 11,
783 221 826 275 93.
843 221 887 276 94.
1027 209 1068 276 ii

98 365 239 427 serarium
266 365 413 441 pecunias
440 365 593 441 publicas,
620 373 684 426 tum
709 365 739 424 in
764 365 893 428 comitiis
918 365 1067 429 habendis

37 452 48 518 ρ
97 451 291 527 praecipuum
313 450 374 527 egit
395 450 566 510 consulemz
590 466 660 510 nam
681 457 710 509 et
731 459 924 524 quaesturam
940 451 1102 526 potentiss

97 550 171 611 quos
184 533 330 608 indignos
346 533 504 607 iudicavit,
520 533 656 609 profiteri
671 533 779 607 vetuit,
795 541 908 595 etcum
926 535 957 594 id
975 536 1068 595 lactu·

94 634 142 679 ros
157 634 193 679 se
207 622 457 693 perseverarent,
473 618 681 690 consularem,
698 615 725 676 si
740 615 769 675 in
786 632 925 692 campum
940 618 1069 677 descen-

43 754 46 764 ,
95 703 224 774 dissent,
251 701 415 759 vindictam
433 700 563 761 minatus
578 706 639 761 est.
665 708 695 760 et
709 700 885 774 Egnatium,
911 701 1070 761 ilorentem

38 784 45 793 ”
93 788 198 846 lavore
220 783 345 859 publico
368 791 604 859 sperantemque
625 793 657 843 ut
677 791 849 860 praeturam
871 784 1070 844 aedilitatiite

39 931 41 938 ,
92 869 285 930 consulatum
308 873 469 942 praeturae
484 882 519 926 se
540 867 726 938 iunctorum,
754 868 889 942 profiteri
912 868 1018 941 vetuit,
1041 874 1070 928 et

90 969 158 1013 corn
174 952 207 1012 id
222 966 285 1010 non
302 950 497 1022 obtinuisset,
513 950 636 1023 iuravit,
654 952 770 1012 etiamsi
786 952 884 1011 iactus
899 957 983 1010 essct
997 967 1070 1012 oon-

89 1039 137 1097 sul
152 1032 311 1109 suffragiis
326 1033 448 1108 populi,
471 1039 570 1092 umen
592 1050 627 1094 se
647 1050 716 1094 eum
737 1051 798 1094 non
813 1035 1069 1095 renunciaturum.

89 1119 180 1194 Quod
195 1134 254 1193 ego
272 1117 383 1177 iactum
398 1116 521 1176 cuilibet
533 1122 670 1177 veterum
685 1119 845 1179 consulum
857 1116 973 1192 gloriae
988 1111 1101 1178 com-4

88 1202 263 1280 parandum
283 1216 369 1275 reor,
392 1200 450 1259 nisi
472 1200 556 1275 quod
571 1202 746 1261 naturaiiter
760 1202 862 1263 audita
875 1203 951 1262 visis
966 1201 1071 1261 lauda-

87 1303 160 1347 mus
174 1284 321 1345 libentius
333 1293 364 1345 et
378 1284 551 1360 praesentia
564 1284 687 1359 invidia,
703 1285 865 1360 praetenta
877 1286 1071 1345 veneratione

86 1369 309 1447 prosequimur
323 1376 354 1428 et
368 1366 415 1427 his
430 1384 488 1427 nos
504 1366 607 1442 obrui,
622 1369 680 1428 illis
696 1368 804 1430 instrui
818 1369 980 1430 credimus.

175 1452 279 1513 xcttt.
308 1453 387 1511 Ante
400 1448 562 1511 triennium
578 1452 656 1526 lere,
679 1469 770 1527 quam
783 1453 983 1527 Egnatianum
1004 1463 1100 1514 sce-l

83 1542 137 1601 lus
154 1543 344 1611 erumperet,
360 1534 441 1595 circa
455 1534 600 1594 Murenae
615 1534 839 1615 Caepionisque
854 1537 1071 1597 coniurationis

85 1632 231 1697 tempus,
249 1619 360 1679 abhinc
374 1635 473 1679 annos
489 1617 721 1693 quinquaginta,
737 1619 776 1678 Μ.
792 1619 968 1696 Marcellus,
985 1636 1071 1682 soro-

84 1708 131 1767 ris
154 1704 288 1779 Augusti
310 1701 452 1763 Octaviae
472 1702 570 1773 illius,
598 1717 688 1776 quem
709 1702 847 1763 homines
867 1703 922 1776 ita,
949 1703 975 1762 si
998 1702 1072 1777 quid

86 1790 260 1850 accidisset
280 1786 419 1860 Caesari,
445 1800 659 1847 successorem
679 1786 832 1862 potentiae
854 1786 921 1846 eius
946 1786 1072 1846 arbitra·

85 1875 203 1935 bantur
218 1872 367 1941 loturum,
390 1877 424 1930 ut
442 1876 542 1930 tamen
563 1869 593 1929 id
609 1884 664 1944 per
677 1870 717 1929 Μ.
729 1870 896 1946 Agrippam
918 1886 1029 1930 securo
1045 1870 1071 1929 ei

87 1971 190 2034 posse
219 1955 396 2028 contingere
424 1969 486 2014 non
515 1952 741 2029 existimarent,
771 1953 1071 2028 magnificentissimo

87 2055 218 2102 munere
233 2036 396 2098 aedilitatis
411 2037 492 2098 edito
507 2037 643 2098 decessit
657 2038 820 2098 admodum
836 2037 971 2109 iuvenis,
987 2052 1071 2108 sane,

88 2132 123 2186 ut
138 2123 240 2195 aiunt,
262 2121 463 2195 ingenuarum
484 2121 625 2181 virtutum
646 2121 806 2196 laetusque
821 2120 912 2182 animi
926 2127 956 2181 et
970 2120 1072 2195 ingeni

89 2210 305 2282 fortunaeque,
321 2206 350 2265 in
367 2218 458 2280 quam
473 2204 618 2276 alebatur,
635 2219 743 2280 capax.
769 2205 842 2266 Post
856 2206 943 2267 cuius
959 2204 1104 2265 obituma
1161 2202 1165 2209 '

89 2291 247 2367 Agrippa,
267 2287 319 2364 qui
333 2289 392 2349 sub
407 2289 512 2363 specie
527 2285 760 2348 ministeriorum
777 2288 986 2365 principalium
1002 2303 1072 2364 pro·

90 2376 193 2436 iectus
214 2373 244 2432 in
259 2372 382 2446 Asiam,
403 2381 436 2435 ut
457 2372 536 2432 lama
556 2370 705 2445 loquitur,
728 2371 774 2451 ob¹
788 2372 897 2433 tacitas
912 2389 980 2432 corn
994 2372 1072 2432 Mar-

90 2460 172 2520 cello
184 2456 375 2517 offensiones
392 2455 546 2531 praesenti
562 2468 597 2513 se
611 2453 803 2514 subduxerat
816 2457 953 2529 tempori,
969 2472 1066 2528 rever·

89 2558 148 2603 sus
163 2542 237 2602 inde
251 2540 344 2600 tiliam
356 2539 496 2599 Caesaris
510 2538 624 2608 lutiam,
642 2550 733 2612 quarn
747 2537 777 2596 in
793 2538 982 2597 matrimonio
994 2539 1073 2598 Mar-

90 2627 190 2686 cellus
201 2624 365 2696 habuerat,
382 2623 469 2683 duxit
478 2636 618 2694 uxorem,
634 2616 775 2681 laminam
787 2636 889 2696 neque
901 2622 958 2682 sibi
971 2637 1073 2696 neque

90 2707 282 2785 reipublicae
298 2707 396 2766 felicis
410 2702 499 2766 uteriss

176 2791 281 2852 xciv.
310 2789 377 2849 lloc
391 2786 488 2850 tractu
503 2798 673 2867 temporum
687 2790 730 2849 tt.
747 2788 892 2850 Claudius
905 2789 995 2863 Nero,
1012 2804 1073 2864 quo
1089 2795 1103 2846 1

91 2878 191 2949 trimo,
204 2882 238 2935 ut
249 2873 466 2949 praediximus,
478 2874 571 2949 Livia,
587 2872 677 2936 Drusi
686 2873 842 2934 Claudiani
854 2874 924 2947 filia,
940 2873 1074 2948 despon-

91 2962 187 3022 dente
200 2958 385 3031 Tilierone,
403 2957 452 3015 cui
466 2965 536 3018 anta
552 2954 646 3035 nupta
660 2959 766 3029 iuerat,
781 2957 903 3017 Caesari
919 2964 1073 3031 nupserat,

90 3043 258 3105 innutritus
280 3039 458 3101 coelestium
485 3051 717 3117 praeceptorum
743 3037 929 3116 disciplinis,
955 3038 1074 3101 iuvenis

91 3142 217 3204 genere,
235 3126 341 3199 torma,
357 3123 537 3185 celsitudine
552 3126 700 3200 corporis,
717 3124 841 3200 optimis
857 3122 965 3183 stodiis
980 3123 1074 3182 maxi·

91 3226 209 3286 moque
224 3208 348 3283 ingenio
364 3206 624 3280 instructissimus,
641 3209 692 3282 qui
708 3207 854 3283 protinus
871 3212 1002 3282 quantus
1018 3212 1074 3280 est,

92 3293 214 3370 sperari
227 3296 378 3369 potuerat,
395 3291 527 3365 visuque
539 3291 724 3366 praetulerat
734 3290 912 3366 principem,
930 3295 1076 3365 quaestor

91 3376 358 3439 undevicesimum
373 3390 485 3435 annum
500 3389 595 3449 agens
609 3387 776 3448 capessere
791 3375 892 3450 coepit
906 3372 1075 3456 rempubli-

93 3477 161 3522 cam
176 3460 404 3534 maximamque
419 3458 627 3519 difficultatem
642 3471 781 3516 annonae
795 3473 832 3516 ac
845 3458 890 3518 rei
912 3459 1075 3518 frumenta-
