2340 3946
125 217 168 282 60
393 216 434 277 Μ.
457 216 599 278 VELLEI
620 217 837 280 resuscitat
884 228 886 233 '

127 368 233 445 quein
247 381 406 433 numerum
422 365 575 428 exercitus
590 364 638 428 sui
655 368 809 443 recipiens
823 383 970 444 magnum
986 370 1108 437 modum*

125 450 280 526 legionum
289 449 435 512 olfecerat
446 466 563 526 perque
570 451 690 511 Menam
702 458 733 512 ot
738 451 949 527 Menecraten,
963 461 1108 528 paternos

125 533 268 606 libertos,
288 534 461 609 praefectos
473 535 618 595 classium
628 533 795 596 latrociniis
806 551 843 599 ac
853 535 1108 610 praedationibus

125 619 269 679 infestato
284 616 361 678 mari
376 618 415 678 ad
429 632 465 680 so
481 619 709 694 exercitmnquo
723 620 869 679 tuendum
888 627 982 695 rapto
1004 621 1107 682 uteba-

126 709 190 775 tur,
212 718 281 762 cum
302 717 373 763 eum
385 717 448 762 non
462 702 633 776 depuderet
652 701 839 763 vindicatum
853 703 948 765 arnis
963 718 1004 765 aa
1018 705 1101 766 ductu

127 784 224 862 patris
239 786 288 847 sui
302 802 386 848 mara
400 786 546 846 infestare
556 784 692 860 piraticis
707 787 887 849 sceleribus.
934 844 936 849 .

99 895 115 946 1
185 869 339 931 lxxiv.
378 867 884 947 FractisBrutianiscassianisque
898 870 1103 946 partibuslu-

126 955 229 1016 tonius
243 951 464 1015 uunsmarinas
478 952 616 1015 obiturus
635 952 813 1028 provincias
829 954 981 1026 substitit3
998 956 1099 1018 caesa

127 1039 159 1099 ia
173 1039 290 1100 italiam
304 1054 340 1100 se
352 1037 482 1113 recepit,
504 1052 634 1112 eamque
649 1040 741 1113 longe
756 1054 846 1113 quem
867 1047 1052 1115 speraverat
1062 1047 1097 1101 tu

98 1120 485 1196 omultuosioremreperit.
507 1120 954 1198 Quippeumntoninseonsut,
968 1123 1100 1186 vitiorum

129 1206 230 1268 fratris
250 1205 299 1268 sui
319 1220 467 1278 consere,
487 1205 544 1265 scd
559 1205 716 1280 virtutum,
739 1222 819 1282 quae
837 1206 991 1268 interdum
1012 1207 1043 1270 in
1057 1207 1096 1268 illu

130 1297 229 1365 erant,
244 1305 375 1364 expers,
388 1290 481 1350 modo
489 1289 573 1364 apud
579 1296 743 1350 veteranos
751 1289 928 1353 criminatus
936 1291 1098 1364 Caesarem,

23 1426 26 1430 .
129 1374 222 1435 modo
244 1389 300 1434 eos
322 1371 374 1448 qui
392 1375 470 1434 iusto
490 1372 641 1434 divisione
667 1373 863 1450 praediorum
882 1374 1097 1451 nominatisque

130 1454 259 1518 coloniis
271 1473 363 1532 agros
372 1457 551 1531 amiserant,
565 1459 604 1517 ad
616 1475 700 1518 arma
712 1459 856 1519 conciens
867 1475 1011 1534 magnum
1023 1474 1097 1519 exer

100 1539 221 1617 gnitum
243 1540 441 1602 conflaverat.
479 1541 526 1600 Ex
547 1542 642 1602 altera
662 1549 749 1617 parte
768 1559 848 1605 uxor
869 1543 983 1603 Antoni
1003 1542 1101 1603 Fulvia

129 1625 204 1685 nihil
218 1625 365 1686 muliebre
382 1633 502 1700 practer
517 1642 632 1701 corpus
648 1641 761 1701 gerens
777 1627 879 1687 omnia
892 1626 984 1687 ermis
1000 1626 1099 1687 tumul·

129 1717 225 1784 tuque
239 1708 397 1770 miscebat.
419 1710 502 1768 Haec
513 1707 586 1769 belli
597 1711 704 1771 sedem
710 1709 875 1771 Praeneste
889 1717 1032 1785 ceperam
1047 1711 1099 1769 An·-

129 1795 233 1854 tonius
248 1794 357 1867 pulsus
373 1790 511 1867 undique
525 1792 641 1855 viribus
657 1794 797 1855 Caesaris
811 1792 969 1853 Perusiam
985 1809 1022 1854 se
1037 1808 1100 1854 con·

130 1878 255 1946 tuleram
270 1875 401 1936 Plancus
415 1877 657 1938 Antonianarum
667 1878 788 1938 adiutor
802 1877 931 1951 partium
943 1890 1036 1952 spem
1047 1892 1100 1937 ma·

100 1958 178 2034 egis
194 1959 370 2021 ostenderat
383 1959 492 2035 auxili,
509 1978 600 2036 qnam
615 1976 705 2036 opem
720 1960 836 2020 larebat
849 1960 994 2021 Antonio.
1028 1960 1102 2023 usn

133 2044 245 2105 Caesar
258 2042 369 2103 virtute
385 2049 415 2103 et
429 2045 551 2106 lortuna
564 2041 783 2107 suaPerusiam
794 2041 997 2117 expugnavit,
1015 2046 1101 2107 Anto

131 2126 214 2188 nium
228 2125 409 2188 inviolatum
423 2127 551 2201 dimisit,
573 2129 604 2189 in
619 2124 783 2186 Perusinos
804 2125 901 2202 magis
923 2124 969 2186 ira
983 2127 1104 2188 militum

133 2226 225 2287 quam
239 2211 395 2273 voluntale
411 2211 560 2275 saevitum
573 2211 678 2289 ducis;
693 2209 769 2270 urbs
782 2207 926 2283 incensa,
949 2210 1040 2273 ouius
1055 2211 1104 2271 ini*

130 2295 204 2357 tium
229 2294 351 2354 incendi
376 2296 522 2372 princeps
548 2293 613 2357 eius
632 2292 692 2354 loci
710 2291 783 2355 iecit
795 2293 1031 2370 Macedonicus,
1059 2293 1104 2370 qul

132 2379 270 2440 subiecto
285 2378 379 2440 rebus
395 2397 431 2441 ac
442 2379 604 2458 penatibus
616 2376 681 2437 suis
694 2376 756 2452 igni
767 2379 948 2440 transfixum
960 2394 996 2439 se
1006 2378 1104 2454 gladio

131 2463 273 2524 flammae
290 2464 397 2524 intulit.

104 2565 120 2616 1
212 2547 329 2608 LXXV.
368 2547 428 2609 Per
440 2548 547 2608 eadem
566 2552 705 2621 tempora
722 2554 880 2608 exarserat
898 2548 930 2608 in
945 2547 1105 2623 campania

134 2633 258 2706 bellum,
285 2631 369 2707 quod
391 2632 552 2707 protessus
568 2644 689 2704 eorum,
715 2629 767 2705 qui
790 2631 987 2705 perdiderant
1007 2646 1104 2706 agros,

133 2715 335 2792 patrocinium
351 2715 450 2776 ciebat
462 2713 506 2773 Ti.
523 2712 666 2776 Claudius
679 2713 760 2774 Nero
781 2715 951 2789 praetorius
967 2722 998 2777 et
1010 2712 1105 2791 ponti-

133 2802 201 2871 fex,
215 2797 258 2860 Ti.
269 2799 408 2861 Caesaris
422 2804 524 2874 pater,
539 2796 641 2873 magni
652 2796 699 2859 vir
712 2797 804 2859 animi
819 2797 1051 2875 doctissimique
1064 2798 1105 2859 in-

133 2881 220 2959 genie
244 2883 276 2944 id
300 2898 424 2960 qnoque
445 2879 579 2943 adventu
589 2881 730 2943 Caesaris
752 2885 905 2958 sepultum
930 2890 1024 2959 atque
1048 2883 1106 2943 dis·

104 2983 260 3042 naussum
276 2975 333 3029 est.
353 2966 426 3042 Quis
437 2965 579 3026 tenurae
588 2966 786 3041 mutationes,
803 2966 993 3043 quisdubios
1008 2981 1106 3027 rerum

133 3052 335 3113 humanarum
349 3065 442 3111 casus
456 3049 531 3110 satis
552 3049 654 3112 mirari
674 3057 789 3126 queat?
810 3051 879 3125 quis
899 3066 962 3111 non
986 3049 1106 3110 diversa

133 3132 915 3210 praesentibusconumiaqncexpcctadsantepercu
925 3138 978 3193 aut
988 3133 1107 3194 timeatt

104 3218 218 3287 sLivia
233 3217 414 3280 nobilissimi
436 3223 467 3278 et
486 3217 644 3279 tortissimi
664 3217 721 3279 uiri
742 3215 834 3278 Drusi
853 3216 1012 3278 Claudiani
1038 3215 1106 3287 lilia,

134 3318 256 3379 genere,
268 3300 428 3378 probitate,
440 3303 537 3362 forma
543 3303 749 3363 Romanarum
756 3299 1004 3375 eminentissima,
1020 3314 1108 3376 quarn

135 3393 245 3462 postea
260 3385 424 3461 coniugem
439 3386 569 3461 Augusti
588 3384 737 3457 vidimus,
758 3399 849 3459 quam
870 3384 1056 3458 transgressi
1072 3379 1107 3442 ad

135 3471 212 3531 deos
232 3469 425 3532 sacerdotem
448 3469 612 3542 aetitiam,
634 3475 697 3529 turn
717 3465 838 3542 fugiens
859 3483 933 3530 mox
951 3466 1041 3528 luturi
1063 3461 1108 3526 sui
