2340 3946
134 240 178 305 54
403 239 443 299 Μ.
465 227 607 299 VELLEI
626 240 842 302 PATERCULI

134 392 285 453 maximus
307 390 336 449 in
353 390 384 450 C.
401 389 541 451 Caesaris
559 392 659 451 locum
675 392 754 452 lurto
771 399 891 454 creatus
914 395 1041 456 decreta
1056 395 1090 456 sil

133 475 281 550 Hispania
295 474 395 534 adhuc
411 475 440 533 in
455 475 551 534 Gallia
564 473 751 547 morabatur)
766 491 839 537 mox
854 478 981 552 saepius
996 478 1029 538 in
1043 494 1090 540 con

134 567 275 635 spectum
288 556 416 617 veniens
439 559 563 619 militum
579 565 663 632 (cum
676 565 707 619 et
719 559 836 634 Lepido
859 577 967 621 omnes
982 562 1090 636 impera

133 651 217 704 tores
232 642 481 702 lorentmeliores
488 649 518 702 et
525 642 625 702 multis
631 643 798 717 Antonius,
815 644 887 704 dum
897 650 964 704 erat
977 645 1090 706 sobrius

133 743 191 803 per
212 740 323 785 aversa
343 732 513 785 castrorum
530 732 655 799 proruto
674 727 756 785 vallo
771 742 791 786 o
806 725 950 788 militibus
968 735 1090 803 receptu

134 819 197 879 est;
213 809 265 884 qui
279 810 364 869 titulo
380 809 486 883 imperi
498 808 628 868 cedebat
640 809 773 884 Lepido,
790 826 858 870 cum
870 827 991 871 summa
1006 813 1090 872 viriun

108 909 233 969 npenes
249 909 318 953 eum
334 894 421 952 foret.
445 891 509 951 Sub
523 889 638 951 Antoni
652 893 826 967 ingressum
840 895 870 953 in
887 901 990 956 castra
1005 896 1090 956 Iuveo

109 1007 111 1012 ·
134 978 194 1038 tius
219 975 409 1050 Laterensis,
434 977 480 1034 vir
504 973 567 1034 vita
591 991 627 1035 ac
652 984 748 1037 morte
774 984 1020 1052 consentaneae,
1048 994 1090 1040 cun

135 1061 281 1121 acerrime
297 1059 449 1120 suasisset
462 1058 596 1132 Lepido,
618 1074 657 1118 ne
677 1075 712 1119 se
727 1075 794 1119 cum
809 1061 943 1122 Antonio
965 1062 1058 1123 hoste
1069 1063 1090 1122 in

134 1145 234 1205 dicato
258 1145 410 1216 iungeret,
431 1141 538 1202 inritus
561 1142 669 1202 consili
689 1143 791 1218 gladio
810 1160 845 1203 se
864 1144 932 1220 ipse
953 1146 1090 1206 transfixit

105 1223 264 1288 ³Plancus
280 1227 391 1286 deinde
412 1224 518 1299 dubia,
540 1225 571 1284 id
593 1233 640 1286 est
654 1241 712 1285 sua
730 1227 792 1285 ilde
813 1228 865 1287 diu
886 1244 1018 1302 quarum
1034 1243 1090 1289 esst

134 1312 266 1387 partium
290 1325 396 1370 secum
420 1311 550 1370 luctatus
576 1325 612 1368 ac
638 1308 697 1369 sibi
721 1309 844 1369 difficile
866 1313 1090 1374 consentiens<

134 1409 215 1453 nuno
238 1393 412 1454 adiutori).
433 1393 518 1453 Bruti
544 1392 695 1467 designati
717 1394 870 1468 consulis,
898 1396 1038 1470 collegae
1058 1413 1090 1456 su

135 1476 316 1551 senatuique
341 1492 376 1536 se
401 1476 506 1536 litteris
521 1475 697 1550 venditans,
718 1492 792 1537 mox
813 1478 950 1538 ciusdem
965 1480 1090 1553 proditu

133 1559 261 1622 Asinius
280 1566 381 1621 autem
394 1559 490 1621 Pollio
504 1560 611 1620 firmus
626 1561 786 1635 proposito
801 1560 960 1622 etlulianis
975 1563 1090 1638 partibo

134 1645 232 1718 fidae,
247 1642 443 1729 Pompeianis
460 1644 626 1718 adversus,
647 1651 777 1719 uterque
792 1645 944 1705 exercitus
958 1646 1090 1706 tradider

134 1728 280 1789 Antonio.

56 1818 60 1825 ¹
108 1825 122 1876 l
218 1810 322 1869 LXlV.
366 1811 402 1869 D.
416 1811 529 1871 Brutus
551 1811 692 1870 desertus
720 1811 817 1885 primo
844 1827 862 1870 a
885 1809 1017 1887 Planco,
1043 1828 1090 1888 pot

136 1893 225 1954 etiam
240 1891 358 1952 insidiis
373 1893 512 1952 eiusdem
529 1891 655 1965 petitus,
673 1893 817 1966 paulatim
837 1893 1033 1968 relinquente
1047 1912 1090 1956 eru

135 1977 271 2037 exercitu
285 1976 406 2050 fugiens
421 1976 450 2033 in
462 1975 595 2048 hospitis
608 1975 765 2034 cuiusdam
778 1974 889 2034 nobilis
905 1977 975 2050 viri,
994 1980 1090 2040 nomio

135 2059 263 2133 Cameli,
279 2059 370 2119 dotno
385 2057 424 2117 ab
445 2057 508 2129 his,
530 2073 609 2130 quos
627 2057 751 2117 miserat
770 2057 938 2131 Antonius,
961 2061 1090 2135 iugulata

135 2149 196 2216 est,
220 2141 467 2213 iustissimasque
489 2140 600 2214 optime
621 2141 660 2199 de
680 2156 715 2199 se
729 2139 837 2202 merito
853 2141 918 2199 viro
942 2142 973 2201 C.
991 2146 1090 2216 Caesa]

134 2239 252 2299 poenas
280 2223 377 2296 dedit,
403 2222 490 2283 cuius
511 2239 580 2283 cum
600 2226 632 2283 ia
658 2222 762 2298 primis
788 2225 920 2284 omnium
947 2229 1090 2289 amicoru

134 2306 259 2379 inisset,
278 2307 453 2366 interlector
468 2306 524 2368 luit
537 2314 567 2367 et
582 2308 736 2382 fortunae,
759 2324 798 2368 ex
814 2324 876 2385 qua
891 2309 1023 2370 fructum
1037 2314 1090 2372 tulo

134 2396 197 2461 rat,
213 2389 559 2451 invidiaminauctorem
573 2391 743 2467 relegabat,
760 2392 967 2466 censebotque
982 2409 1090 2470 aequm

136 2488 216 2548 quae
231 2484 394 2549 acceperat
407 2475 564 2536 acaesare
575 2475 721 2545 retinere,
738 2476 915 2548 Caesarem,
932 2477 984 2550 qui
999 2478 1051 2538 illa
1060 2477 1090 2538 dc

105 2558 230 2633 aderat,
243 2559 371 2632 perisse.
393 2559 476 2618 Haec
488 2565 558 2619 sunt
568 2567 721 2633 tempora,
738 2559 848 2633 quibus
859 2559 900 2618 M.
913 2559 1028 2621 Tullius
1041 2575 1090 2621 coo

134 2641 226 2702 tinuis
243 2641 411 2703 actionibus
427 2650 567 2702 aeternas
581 2643 695 2702 Antoni
711 2641 876 2701 memoriae
887 2642 997 2704 inussit
1008 2651 1090 2704 noim

136 2725 257 2785 sedhic
272 2724 496 2799 fulgentissimo
514 2732 544 2784 et
560 2726 686 2785 coelesti
700 2740 769 2800 ore,
792 2733 823 2785 at
836 2726 975 2787 tribunus
992 2727 1090 2787 Cannu

105 2807 193 2870 etius
210 2807 355 2868 continua
368 2806 454 2866 rabie
469 2807 624 2867 lacerabat
637 2807 813 2868 Antonium.
837 2809 965 2884 Utrique
980 2810 1090 2871 vindict

134 2889 279 2951 libertatis
291 2898 387 2951 morte
400 2891 497 2961 stetit;
513 2891 571 2951 sed
583 2891 693 2952 tribuni
704 2890 853 2968 sanguine
865 2893 1029 2954 commisso
1041 2908 1090 2969 pro

134 2975 277 3049 scriptio,
306 2972 460 3035 Ciceronis
488 2976 572 3035 velut
598 2976 707 3037 satiato
735 2975 869 3037 Antonio
893 2991 993 3052 paene
1017 2977 1090 3037 finite

132 3058 268 3133 Lepidus
294 3059 409 3118 deinde
430 3075 448 3118 a
472 3065 581 3119 senatu
604 3059 703 3121 hostis
728 3059 880 3121 iudicatus
901 3065 964 3134 est,
989 3069 1023 3122 ut
1043 3063 1090 3121 ant

134 3142 232 3201 linerat
245 3142 405 3203 Antonius.

104 3240 120 3291 1
216 3225 306 3285 LXV.
327 3228 400 3285 Tum
415 3226 493 3286 inter
502 3242 571 3287 eum
580 3228 803 3302 caesaremque
814 3227 1016 3289 etAntonlum
1029 3240 1090 3288 com

133 3310 246 3368 mercia
257 3309 455 3382 epistularum
466 3317 496 3371 et
510 3312 722 3373 condicionum
734 3309 814 3372 iacta
826 3313 954 3386 mentio,
971 3326 1039 3372 cum
1047 3311 1090 3370 An

112 3391 234 3452 tonius
259 3399 289 3451 et
310 3393 440 3454 subinde
461 3393 621 3455 Caesarem
643 3395 835 3468 admoneret,
859 3412 950 3471 quam
971 3394 1089 3454 inimica

132 3472 193 3547 ipsi
203 3473 407 3550 Pompeianae
421 3487 524 3554 partes
539 3479 639 3539 forent
649 3485 680 3538 et
693 3478 724 3537 in
739 3479 823 3553 quod
837 3478 897 3538 iam
911 3479 1090 3540 emersissco
