2370 3946
134 223 178 288 44
408 225 448 284 Μ.
471 225 613 286 VELLEI
634 226 850 288 PATERCULI

136 380 167 440 in
187 379 285 454 gloria
311 379 560 459 concupiscenda
580 384 632 438 aut
652 379 776 439 modum
796 385 885 438 norat
904 385 958 439 aut
978 395 1008 438 ca

104 461 303 524 aterminum.
327 462 416 523 Hunc
432 461 678 537 proficiscentem
692 462 721 522 in
736 461 858 541 Syriam
869 462 943 522 diris
960 478 1008 521 cur

135 545 225 606 nibus
261 544 372 606 tribuni
401 545 500 621 plebis
530 547 642 607 trustra
675 547 806 607 retinere
835 547 952 618 conati,
991 564 1008 620 q

136 630 348 690 execrationes
374 629 401 690 si
426 629 457 689 in
482 631 583 705 ipsum
601 630 810 689 tantummodo
833 630 1005 690 valuissent

135 713 329 788 imperatoris
354 713 497 773 damnum
521 714 608 773 salvo
631 714 766 773 exercitu
789 713 898 773 suisset
917 714 1008 787 reipu

103 800 121 853 t
134 797 374 872 transgressum
380 797 556 873 Euphraten
564 798 708 857 crassum
720 802 937 872 petentemque
945 796 1008 858 Set<

136 881 331 943 circumfusis
352 879 534 942 immanibus
557 879 655 955 copiIs
676 880 812 954 equitum
835 896 890 940 rex
914 878 1008 941 Orod<

137 981 205 1025 cum
221 972 307 1041 parte
320 967 436 1026 maiore
450 964 578 1026 Romani
599 967 751 1024 exercitus
771 961 930 1025 interemit.
959 965 1006 1024 Re

135 1050 290 1124 legionum
312 1050 342 1109 c.
366 1049 507 1123 Cassius,
533 1047 717 1110 atrocissimi
737 1064 810 1109 mox
831 1055 939 1109 auctor
961 1050 1008 1109 tao

135 1141 199 1194 tum
227 1139 387 1208 quaestor,
416 1133 614 1194 conservavit
641 1131 824 1210 Syriamque
849 1133 928 1192 adeo
953 1132 984 1190 in

134 1217 263 1277 Romani
279 1222 431 1291 potestate
445 1215 575 1291 retinnit,
590 1225 624 1278 ut
637 1222 849 1290 transgressos
864 1216 895 1277 in
910 1216 1008 1276 eamP

135 1301 216 1360 retici
230 1316 331 1360 rerum
346 1308 457 1361 eventu
472 1302 591 1375 fugaret
604 1316 641 1360 ac
656 1300 805 1361 tunderet.

105 1389 119 1440 1
217 1383 334 1443 XLVII.
350 1382 420 1443 ,Per
441 1384 518 1444 baec
539 1383 796 1459 insequentiaque
817 1391 847 1444 et
861 1399 940 1466 quae
962 1401 1008 1459 pn

135 1483 203 1526 unus
223 1472 363 1542 tempora
383 1469 514 1544 amplius
535 1468 639 1529 decios
655 1475 784 1529 centena
802 1468 885 1528 milia
898 1467 1008 1528 hostiur

136 1550 268 1610 Caesare
284 1567 377 1611 caesa
391 1560 470 1626 sunt,
485 1554 574 1628 plura
584 1560 691 1627 capta;
707 1558 875 1628 pugnatum
891 1567 987 1626 saepe
1002 1569 1008 1609 t

135 1633 215 1707 acie,
233 1651 329 1711 saepe
343 1636 374 1695 in
389 1637 574 1712 agminibus,
597 1653 693 1712 saepe
708 1635 936 1712 eruptionibuS,
958 1635 1006 1695 bis

136 1725 213 1778 trata
231 1719 403 1792 Britannia,
425 1737 537 1781 novem
557 1721 691 1795 denique
711 1720 878 1781 aestatibus
899 1719 952 1779 vix
972 1721 1008 1778 uli

137 1802 324 1862 iustissimus
339 1802 512 1878 triumphus
526 1804 686 1872 emeritus3
709 1804 789 1863 circa
803 1803 939 1862 Alesiam
956 1817 1008 1861 ver

136 1892 185 1945 tae
203 1900 254 1946 res
275 1892 396 1958 gestae,
422 1893 553 1960 quantas
574 1886 689 1946 audere
714 1885 766 1945 vix
790 1884 937 1956 hominis,
966 1902 1006 1961 pe

109 1979 235 2043 apaene
254 1967 367 2026 nullius
388 1967 447 2026 nisi
469 1968 518 2027 dei
540 1968 638 2027 inerit.
671 1967 776 2038 Quinto
796 1968 892 2026 terme
906 1979 1008 2028 annot

134 2051 311 2112 morabatur
324 2050 354 2109 in
364 2050 477 2121 Galliis,
494 2065 561 2109 cum
573 2049 706 2109 medium
718 2049 777 2109 iam
790 2065 830 2108 ex
843 2047 957 2108 invidia
966 2068 1008 2125 po

134 2137 210 2194 mole
225 2132 417 2194 cohaerentis
432 2132 510 2193 inter
521 2133 573 2194 Cn.
585 2131 761 2207 Pompeium
777 2141 807 2194 et
821 2132 851 2193 C.
865 2131 1008 2192 Caesarei

135 2215 261 2276 cordiae
275 2216 387 2290 pignus
402 2216 492 2290 lulia,
508 2233 587 2278 uxor
600 2216 718 2291 Magni,
734 2217 883 2285 decessit;
907 2224 999 2292 atque

33 2330 37 2336 ·
134 2299 213 2359 inter
228 2297 398 2360 destinatos
420 2307 503 2360 tanto
519 2299 688 2362 discrimini
702 2301 797 2361 duces
813 2301 972 2362 dirimente
995 2303 1009 2361 i

134 2381 215 2443 filius
237 2399 362 2458 quoque
387 2400 502 2459 parvus
522 2384 661 2459 Pompei,
686 2385 762 2445 Iulia
786 2392 892 2457 notus,
918 2385 996 2444 intra

102 2464 268 2540 aspatium
283 2466 366 2528 obiit.
398 2469 473 2530 Tum
493 2468 523 2529 in
545 2468 666 2543 gladios
682 2469 850 2544 caedisque
865 2466 976 2529 civium
998 2469 1008 2529 i

136 2551 259 2628 ambitu,
274 2553 363 2613 cuins
378 2569 480 2627 neque
494 2553 564 2612 finis
579 2552 788 2626 reperiebatur
802 2567 859 2612 nec
873 2553 993 2626 moduS,

136 2637 315 2696 consulatus
340 2635 400 2696 soli
422 2634 475 2695 cn.
490 2634 635 2709 Pompeio
657 2636 748 2694 etiam
773 2636 1000 2695 adversantium

135 2716 273 2791 dignitati
288 2718 353 2778 eius
368 2717 481 2777 iudicio
498 2717 617 2777 delatus
632 2726 693 2790 est,
710 2718 797 2778 cuius
812 2718 863 2779 iile
876 2719 1003 2780 honoris

134 2798 229 2859 veluti
249 2799 452 2861 reconciliatis
468 2799 526 2860 sibi
542 2800 738 2876 optimatibus
753 2802 884 2862 maxime
901 2820 919 2863 a
934 2802 965 2863 G.
984 2803 1008 2863 C¹

135 2880 287 2944 alienatus
302 2891 364 2954 est;
389 2884 446 2944 sed
461 2884 527 2944 eins
544 2884 722 2946 consulatus
738 2902 858 2947 omnem
879 2886 940 2946 vim
955 2885 984 2946 in
1000 2903 1008 2946 <

102 2973 120 3028 t
134 2965 248 3029 tionem
271 2968 401 3029 ambitus
418 2968 563 3029 exercuit.
594 2967 660 3043 Quo
681 2975 819 3044 tempore
832 2969 864 3028 P.
881 2969 1005 3030 clodius

133 3050 220 3126 lone,
243 3051 406 3112 candidato
422 3053 616 3126 consulatus,
637 3055 779 3128 exemplo
794 3052 906 3125 inutili,
931 3054 1008 3113 tacto

134 3134 190 3194 tari
213 3135 401 3210 reipublicae
422 3134 504 3196 circa
517 3135 654 3196 Bovillas
670 3142 825 3197 contracta
841 3151 880 3194 ex
895 3153 1006 3197 occurs

133 3218 289 3292 iugulatus
300 3225 356 3280 est
378 3218 524 3280 Milonem
535 3236 620 3280 reum
632 3235 694 3280 non
706 3219 801 3294 magis
813 3217 928 3280 invidia
939 3220 1008 3282 tacti

131 3300 260 3375 Pompei
274 3301 429 3363 damnavit
443 3305 601 3373 voluntas;
623 3318 713 3378 quem
730 3302 852 3377 quidem
867 3303 907 3362 Μ.
924 3303 997 3365 cato

133 3385 195 3445 lata
209 3384 343 3448 absolvit
356 3387 522 3457 sementim
547 3388 600 3462 qui
621 3386 649 3446 si
662 3383 808 3446 maturius
825 3387 959 3461 tulisset,
982 3404 1008 3446 m

133 3466 264 3530 tuissent
289 3470 342 3548 qui
366 3477 569 3547 sequerentur
593 3470 766 3546 exemplum
791 3470 1008 3548 probarentqut
