2370 3946
255 211 467 275 msronms
486 183 678 282 consumi
699 215 743 291 11,
768 223 827 278 ns
990 216 1032 280 m

32 362 147 428 omnia
162 362 282 425 veteris
297 363 490 441 imperatoris
505 367 663 428 maturitas
678 367 772 428 multa
789 367 963 441 inhibentis,
977 368 1032 429 ali-

31 466 100 527 qua
124 463 202 508 cum
221 448 373 521 gravitate
392 449 583 525 pollicentis,
604 449 683 512 inter
703 466 844 511 severam
864 452 1031 528 praecipue

30 531 210 596 noxiorum
233 532 380 594 ultionem
402 541 433 595 et
452 532 534 596 mitis
554 533 684 594 aliorum
704 532 921 608 castigationes
944 535 1031 596 brevi

29 614 136 694 sopiit
149 630 189 676 ac
203 616 337 679 sustulit.
360 616 427 691 Quo
439 617 564 694 quidem
577 625 716 693 tempore
729 625 763 677 ut
770 615 921 692 ¹pleraque
933 636 1031 693 paam
1045 624 1062 676 4

29 697 264 774 Germanicus,
279 699 321 761 ita
334 701 471 775 DrusuS,
488 703 541 777 qui
556 718 574 761 a
589 711 675 777 patre
689 701 719 760 in
734 700 883 776 idipsum
898 701 1029 777 plurimo

30 784 170 861 quidem
185 782 257 857 igne
272 783 409 844 emicans
421 783 597 846 incendium
608 783 746 846 militaris
758 786 904 846 tumultus
915 784 1029 848 missus

28 876 121 940 erat,
147 867 255 942 prisco
271 867 461 944 antiquaque
477 869 641 931 severitate
660 885 752 941 usus,
774 873 871 930 minas
884 868 1029 944 ancipitia

31 951 98 1014 sibi
120 949 237 1012 timeus
259 968 353 1026 quam
368 953 512 1027 exemplo
532 952 708 1029 perniciosa
723 952 776 1032 [et]
796 952 846 1012 his
860 951 938 1028 ipsis
953 953 1028 1013 mili-

30 1045 101 1098 tum
124 1032 255 1109 gladiis,
278 1034 392 1110 quibus
410 1035 561 1098 obsessus
583 1045 663 1111 erat,
690 1035 861 1098 obsidentis
883 1035 1027 1109 coercuit,

31 1118 191 1194 singulari
205 1117 348 1180 adiutore
368 1118 400 1178 in
415 1135 453 1180 co
469 1119 592 1196 negotio
609 1137 687 1182 usus
702 1119 788 1182 lunio
804 1121 933 1194 Blaeso,
960 1118 1026 1181 viro

31 1202 167 1264 nescias
185 1200 310 1263 utiliore
330 1202 361 1262 in
382 1202 508 1278 casinis,
529 1221 569 1265 an
584 1204 711 1266 meliore
725 1206 756 1265 in
772 1213 860 1281 toga,
886 1200 939 1279 qui
955 1212 1028 1279 post

31 1301 161 1364 paucos
178 1302 279 1347 annos
295 1288 463 1362 proconsul
477 1287 508 1347 in
523 1287 628 1348 Africa
642 1297 821 1350 ornamenta
834 1286 1028 1362 triumphalia

31 1387 107 1432 cum
123 1369 336 1445 appellatione
350 1370 547 1446 imperatoria
561 1373 679 1433 meruit.
706 1374 748 1435 At
760 1371 925 1448 Hispanias
940 1386 1027 1432 exer·
1041 1376 1057 1428 5

31 1454 200 1530 citumque
212 1452 374 1515 virtutibus
386 1455 648 1530 celeberrimaque
658 1455 819 1534 iulllyrico
831 1453 936 1516 militia
948 1455 1026 1533 [illu-

31 1541 107 1600 stn‘s
122 1538 319 1612 Messalinus,
336 1540 380 1616 al]
399 1537 624 1614 praediximus,
643 1554 712 1599 cum
726 1539 856 1614 imperio
873 1539 1024 1612 obtinens,

32 1623 64 1682 in
83 1636 210 1683 summa
228 1621 331 1700 [pace]
356 1621 458 1698 quiete
480 1621 643 1696 continuit,
668 1622 781 1683 cumei
802 1621 902 1696 pietas
918 1621 1025 1681 rectis-

33 1707 118 1767 sima
134 1703 289 1766 sentiendi
305 1713 336 1766 ct
356 1706 524 1767 auctoritas
540 1722 620 1782 quae
636 1705 787 1768 sentiebat
802 1704 959 1766 obtinendi
974 1721 1025 1766 su-

10 1818 12 1873 ;
34 1795 192 1866 percssel.
230 1789 322 1849 Cuius
339 1807 444 1851 curam
465 1807 502 1851 ac
523 1790 616 1852 iidem
633 1789 791 1850 Dolabella
813 1804 953 1864 quoque,
978 1789 1026 1848 vir

10 1869 245 1953 ,simplicitatis
266 1874 541 1948 generosissimae,
571 1874 603 1935 in
630 1873 779 1934 maritima
804 1880 892 1949 parte
912 1873 1025 1950 lllyrici

10 1972 13 2059 p
36 1973 93 2033 per
110 1954 216 2016 omnia
229 1957 363 2018 imitatus
380 1967 435 2019 est.

10 2070 12 2081 =
124 2038 255 2099 CXXVL
283 2041 399 2102 Horum
417 2041 553 2103 sedecim
573 2058 723 2102 annorum
743 2057 840 2116 opera
861 2038 930 2115 quis
951 2044 1054 2100 uni-1

36 2139 124 2186 versa
138 2126 253 2184 inserto
274 2124 373 2186 oculis
387 2125 561 2201 animisque
582 2127 717 2187 omnium
733 2123 787 2204 [in]
804 2124 941 2202 partibus
959 2125 1022 2184 elo·
1087 2125 1092 2132 “

37 2213 174 2283 quatur?
191 2205 330 2268 Sacravit
344 2217 501 2283 parentem
513 2226 603 2270 suum
616 2210 729 2271 Caesar
740 2227 802 2270 non
813 2207 951 2284 imperio,
966 2209 1023 2270 sed

35 2289 204 2366 religione,
219 2308 281 2352 non
297 2291 465 2368 appellavit
479 2309 565 2366 cum,
580 2294 638 2353 sed
652 2293 724 2354 iecit
738 2294 838 2353 deum.
865 2294 1054 2354 Revocataa

36 2374 64 2436 in
79 2376 186 2435 lorum
199 2374 295 2449 fides,
319 2384 504 2437 summotae
525 2376 595 2436 loro
609 2375 737 2448 seditio,
761 2377 885 2438 ambitio
901 2393 1020 2452 campo,

37 2458 196 2521 discordia
208 2461 301 2532 curia,
313 2461 517 2535 sepultaeque
528 2475 565 2520 ac
576 2459 637 2520 situ
648 2457 767 2520 obsitae
780 2459 903 2531 iustitia,
915 2460 1021 2534 acqui·

36 2551 96 2614 tas,
111 2542 265 2602 industria
276 2542 391 2605 civitati
405 2542 559 2614 redditam
578 2542 712 2604 accessit
727 2541 954 2617 magistratibus
968 2559 1021 2604 ou-

37 2626 180 2699 ctoritas,
203 2625 324 2688 senatui
344 2627 507 2700 maiestas,
532 2626 654 2688 iudiciis
669 2627 817 2702 gravims3
841 2641 1022 2701 compressa

35 2708 194 2787 theatralis
209 2709 337 2784 seditio,
354 2721 439 2774 recte
453 2711 586 2773 faciendi
603 2710 745 2772 omnibus
760 2719 813 2772 aut
826 2709 952 2771 incussa
966 2727 1020 2771 vo-

35 2796 138 2856 luntas
155 2799 209 2853 aut
228 2793 371 2867 imposita
385 2796 572 2866 necessitas;
594 2795 784 2857 honorantur
803 2803 903 2869 recta,
923 2811 1021 2870 prava

35 2878 221 2953 puniuntum
243 2875 374 2950 suspicit
394 2886 550 2952 potentem
570 2879 707 2951 humilis,
731 2896 793 2940 non
814 2879 912 2950 timet;
936 2887 1020 2940 ante-

36 2961 127 3033 cedit,
144 2974 206 3019 non
223 2959 390 3020 contemnit
402 2959 594 3024 humiliorem
609 2973 731 3040 potens.
755 2962 882 3037 Quando
899 2967 1052 3022 annonas

34 3043 240 3116 moderatior,
262 3044 386 3119 quando
409 3060 472 3119 pax
490 3045 619 3107 laetior?
639 3046 759 3108 Diffusa
780 3047 812 3105 in
827 3043 952 3106 orientis
968 3061 1019 3105 oc-

34 3126 232 3202 cidentisque
244 3136 359 3188 tractus
368 3136 398 3188 ct
410 3125 559 3203 quicquid
568 3130 737 3191 meridiano
748 3138 801 3191 aut
811 3127 1020 3205 septentrione

32 3214 140 3273 finitur
155 3228 217 3285 pax
231 3220 363 3286 augusta
379 3216 458 3287 [per]
476 3208 575 3272 omnis
589 3220 738 3275 terrarum
756 3212 840 3275 orbis
856 3213 986 3289 angulos
1002 3230 1020 3274 a

10 3368 12 3377 Ι
32 3294 266 3358 latrociniorum
281 3304 364 3356 melu
379 3303 483 3356 servat
503 3294 661 3367 immunis3
684 3297 806 3359 fortuita
828 3315 889 3359 nou
908 3297 1019 3358 civium

31 3379 263 3445 tantummodo.
288 3380 346 3440 sed
366 3379 486 3441 urbium
508 3378 619 3438 damna
639 3379 787 3457 principis
813 3379 1017 3444 munificentia

32 3463 181 3524 vindicat.
209 3461 379 3525 Restitutae
387 3464 480 3526 urbes
488 3461 593 3537 Asiae,
604 3459 1050 3529 vindicatacabiniuriisma-e
