2370 3946
125 211 170 277 ar
311 277 314 284 ,
396 212 437 271 Μ.
456 212 599 273 vumm
618 212 834 296 sarnacum

128 365 218 426 iussu
241 362 371 424 bominis
398 363 571 439 pravissimi
592 366 651 425 tela
671 365 701 425 in
723 381 793 425 eum
812 365 891 426 iacta
911 373 1015 439 erant,
1041 382 1099 429 oum

130 450 253 508 lacerna
277 445 344 507 eius
371 448 526 522 perforata
550 454 633 508 esset
660 447 780 524 lancea,
813 450 947 525 aquilam
976 449 1099 526 legionis

101 547 239 606 erupere
264 546 358 591 ausus
383 538 439 592 est.
479 529 597 607 Scires,
624 532 698 607 quid
718 533 880 594 interesset
899 532 978 593 inter
997 535 1099 596 dueesa

131 615 237 676 armati
261 615 407 676 inermem
427 615 524 675 secuti
545 623 616 676 sunt
637 617 818 691 decimoque
845 633 941 691 anno,
967 634 1056 692 quam
1073 616 1099 679 in

131 697 360 760 dissimillimam
368 699 531 760 vitaesuae
539 700 703 774 potentiam
718 707 913 774 pervenerat,
928 701 1061 776 Lepidus
1073 708 1099 762 et

131 801 150 844 a
163 782 307 843 militibus
322 789 353 843 et
367 799 385 842 a
400 784 520 843 tortura
529 783 670 843 desertus
686 786 834 859 pullaque
841 785 959 846 velatus
967 785 1095 860 amictdo,

130 867 209 941 inter
228 867 363 927 ultimam
384 865 602 927 confluentium
623 866 661 925 ad
683 867 844 928 Caesarem
871 869 991 928 turbam
1010 871 1093 930 labem

131 949 261 1026 genibus
276 950 343 1011 eius
359 949 522 1011 advolutus
534 957 597 1020 est;
619 950 681 1010 vita
694 966 859 1027 rerumque
873 966 998 1012 suarum
1013 950 1093 1013 domi

131 1035 214 1095 nium
230 1050 382 1094 concessa
396 1033 425 1094 ei
440 1040 525 1106 suut,
540 1034 686 1109 spoliata,
703 1051 793 1110 quam
808 1033 886 1095 tueri
903 1051 964 1096 non
981 1041 1090 1111 poterat

133 1118 275 1192 dignitas.

108 1205 119 1254 t
214 1201 342 1262 LXXXI.
365 1199 472 1260 Sabim
483 1199 595 1261 deinde
605 1202 757 1262 exercitus
768 1200 893 1275 seditio,
911 1203 963 1278 qui
979 1203 1090 1278 plerum

133 1301 194 1361 que
210 1285 432 1360 contemplatus
445 1285 644 1358 frequentiam
660 1300 779 1346 suamc
792 1285 953 1362 disciplina
967 1283 1092 1346 descisci

133 1369 416 1442 etquodcogerese
430 1374 634 1443 putatposse‚
648 1384 758 1443 rogare
769 1387 830 1430 non
843 1370 988 1444 sustinet,
1001 1368 1092 1445 partin

134 1451 297 1511 severitate
319 1449 425 1526 partim
447 1452 625 1514 liberalitate
645 1453 788 1513 discussa
803 1453 966 1530 principis,
989 1451 1092 1528 specio·

135 1550 265 1608 sumque
277 1535 374 1610 perid
385 1541 506 1611 tempus
520 1536 672 1597 adiectum
684 1538 931 1612 supplementum
938 1537 1093 1612 campumt

135 1620 289 1689 coloniam
304 1623 528 1692 [concessteaim
538 1625 683 1683 veteranis
693 1624 777 1696 apri,
788 1625 841 1697 out
847 1623 958 1684 simbus
968 1619 1093 1688 coloniae]

135 1703 203 1765 eius
224 1702 321 1763 relicti
336 1711 422 1764 erant
437 1705 566 1778 publici;
582 1721 640 1780 pro
655 1705 702 1765 his
717 1705 809 1780 longe
820 1706 980 1766 uberiores
995 1702 1094 1766 reditus

136 1787 304 1848 duodecies
320 1789 494 1849 sestertium
509 1789 539 1849 in
554 1790 644 1848 Creta
663 1788 762 1848 insula
776 1789 886 1849 redditi
902 1793 933 1848 et
947 1804 1026 1865 aqua
1040 1799 1095 1863 pro

135 1871 244 1942 missa,
262 1864 341 1943 quae
351 1870 507 1943 hodieque
522 1870 677 1945 singulare
691 1877 723 1929 et
736 1872 921 1932 salubritatis
937 1875 1095 1933 imbuam

108 1955 196 2016 atum
204 1959 234 2015 et
241 1952 431 2013 amoenitatis
440 1961 648 2013 ornamentum
660 1962 715 2012 est.
731 1954 855 2026 Insigne
866 1970 1000 2016 coronae
1007 1949 1096 2016 classi·

137 2053 208 2111 cae,
229 2052 290 2112 quo
311 2050 401 2095 nemo
422 2051 557 2108 unquam
577 2037 782 2096 Romanomm
800 2035 931 2097 donatus
954 2047 1034 2114 erat,
1052 2036 1098 2096 hot

107 2122 216 2181 abella
245 2119 385 2193 Agrippa
413 2117 559 2192 singulari
581 2117 690 2179 virtute
714 2119 831 2179 meruit.
866 2120 975 2181 Victor
1004 2118 1099 2182 deinde

137 2204 251 2262 Caesar
270 2216 415 2260 reversus
436 2200 466 2259 in
487 2203 594 2261 urbem
612 2209 783 2264 contractas
805 2204 1011 2280 emptionibus
1032 2216 1099 2266 cour

138 2283 236 2360 pluris
256 2283 366 2344 domos
388 2299 444 2359 per
458 2294 689 2361 procuratores,
711 2303 771 2362 quo
789 2287 889 2348 laxior
903 2288 990 2350 lieret
1004 2287 1099 2365 ipsius.

105 2410 111 2423 .
137 2366 270 2444 publicis
292 2383 327 2427 se
347 2367 454 2429 usibus
476 2369 629 2430 destinare
652 2372 814 2445 protessus
835 2379 883 2432 est
907 2375 1099 2448 templumque

137 2449 290 2526 Apollinis
305 2459 334 2512 et
348 2452 429 2514 circa
444 2453 580 2530 porticus
592 2456 741 2515 iacturum
756 2455 908 2531 promisit,
925 2456 1007 2531 quod
1024 2456 1060 2517 ab
1073 2465 1099 2514 et

139 2535 284 2611 singulari
299 2545 468 2598 extructum
483 2540 687 2599 munificentia
701 2545 757 2599 est.

110 2629 127 2683 l
220 2619 362 2682 LXXXll.
406 2622 472 2695 Qua
485 2630 601 2683 aestate
617 2621 729 2682 Caesar
742 2629 802 2682 tam
819 2639 968 2699 prospere
987 2620 1099 2700 sepum

139 2705 170 2764 in
186 2702 289 2765 Sicilia
309 2705 430 2777 bellam,
453 2704 587 2765 Fortuna
606 2705 635 2763 in
653 2705 784 2765 Caesare
805 2713 835 2767 et
853 2708 1012 2784 republica
1031 2707 1099 2768 mab

111 2789 243 2847 asoeoitt
255 2787 295 2844 ad
303 2784 472 2846 Orientem:
489 2789 603 2863 quippe
613 2789 764 2850 Antonius
780 2805 848 2850 cum
862 2791 1008 2853 tredecim
1022 2789 1096 2866 legio

140 2870 231 2928 nibus
246 2869 406 2943 ingressus
421 2871 596 2931 Armeniam
617 2887 653 2931 ac
669 2871 780 2933 deinde
794 2874 926 2935 Mediam
947 2882 979 2936 et
992 2891 1049 2951 per
1062 2889 1099 2934 eat

139 2953 283 3029 regiones
297 2952 426 3015 Parthos
441 2960 549 3028 petens
563 2954 669 3016 habuit
681 2971 785 3031 regem
800 2974 905 3019 eorum
918 2959 1043 3019 obvium
1057 2957 1099 3034 pri

141 3053 254 3112 moque
270 3038 347 3098 duas
362 3037 500 3112 legiones
514 3054 581 3098 cum
595 3040 735 3101 omnibus
747 3041 971 3116 impedimentis
985 3049 1099 3104 tormen

140 3121 244 3197 tisque
264 3129 294 3183 et
309 3120 445 3182 Statiano
459 3121 566 3196 legato
587 3123 701 3196 amisit;
722 3139 795 3185 mox
811 3124 937 3201 saepius
958 3127 1028 3202 ipse
1050 3143 1099 3187 cuo

143 3221 262 3266 summo
283 3204 376 3265 totius
391 3205 544 3265 exercitus
559 3206 733 3267 discrimine
747 3222 785 3267 ea
799 3208 873 3270 adiit
888 3209 1037 3286 pericula,
1054 3208 1099 3287 qui

142 3289 202 3349 bus
218 3288 334 3348 servari
346 3303 382 3348 se
394 3303 490 3363 posse
502 3289 734 3366 desperaverat,
750 3291 927 3370 amissaque
942 3311 1004 3354 non
1018 3296 1099 3356 minu

145 3378 253 3447 quantu
266 3378 353 3447 parte
364 3371 488 3434 militum
504 3374 615 3448 captivi
630 3373 802 3450 cuiusdam,
818 3378 875 3438 sed
888 3377 1032 3454 Romani,
1048 3394 1099 3441 con

144 3456 213 3519 silio
225 3471 262 3516 ac
273 3455 335 3518 ilde
345 3465 502 3535 servatus,
515 3456 567 3534 qui
578 3457 665 3519 clade
673 3456 826 3520 Crassiani
836 3462 989 3525 exercitus
1001 3471 1099 3540 captu
