2340 3946
145 249 148 254 «
236 214 788 288 msronmunonaunurt,1o.
959 211 1001 277 25
1074 201 1076 210 '

22 366 191 438 Hannibal,
208 372 357 441 occupata
371 365 446 425 Asia
472 367 650 440 necatisque
670 364 700 425 in
715 382 752 426 ea
767 365 906 427 omuibus
928 366 1001 427 civi·

24 451 83 511 bus
97 450 260 524 Romanis,
279 465 358 522 quos
375 448 497 524 quidem
518 450 626 509 eadem
641 450 690 509 die
705 457 795 525 atque
810 450 885 511 hora
899 450 1001 511 reddi·

25 535 62 594 tis
78 531 251 594 civitatibus
273 532 379 593 litteris
400 533 513 606 ingenti
535 548 603 592 cum
620 532 837 607 pollicitatione
852 533 1001 609 praemio·
1075 549 1080 556 ·

23 633 91 677 rum
106 616 236 677 interimi
252 617 399 691 iusserat,
415 633 476 691 quo
492 623 630 691 tempore
645 631 746 690 neque
758 615 933 678 fortitudine
948 617 1001 678 ad·

23 716 134 761 uersus
156 699 365 774 Mithridaten,
391 715 492 773 neque
514 699 575 760 lide
600 701 631 774 in
655 699 812 762 Romanos
839 700 1002 776 quisquam

22 782 152 845 Rhodiis
172 799 229 857 par
244 783 312 856 luit,
340 783 464 858 (horum
483 782 575 855 fldem
596 782 852 861 Mytilenaeorum
872 784 1003 860 perfidia

22 865 223 940 inluminavit,
248 866 298 942 qui
312 867 362 927 Μ’.
379 864 535 942 Aquilium
550 867 691 942 aliosque
704 866 866 928 Mithridati
880 868 1001 928 vinctos

20 951 224 1022 tradiderunt,
241 951 352 1025 quibus
367 951 491 1012 libertas
510 950 541 1009 in
561 949 652 1011 unius
667 950 861 1026 Theophanis
875 951 1002 1025 gratiam

20 1040 132 1109 postea
146 1050 165 1093 a
178 1032 324 1110 Pompeio
342 1033 480 1095 restituta
501 1038 560 1106 est)
576 1050 644 1095 cum
658 1034 800 1096 terribilis
808 1035 912 1094 ltaliae
927 1049 1002 1110 quo-

19 1133 81 1193 que
95 1116 251 1178 videretur
264 1117 435 1192 imminere,
450 1124 533 1191 sorte
548 1119 671 1179 obvenit
678 1117 782 1179 Sullae
789 1119 865 1178 Asia
880 1118 1002 1192 provin-

16 1202 76 1260 cia.
107 1201 138 1260 Is
153 1216 297 1274 egressus
305 1201 381 1261 urbe
388 1216 457 1262 cum
472 1201 665 1262 circaNolam
679 1209 857 1275 moraretur,
872 1201 1027 1277 (quippaa
1139 1220 1141 1224 ’

15 1299 56 1344 ea
73 1285 148 1344 urbs
175 1284 417 1358 pertinacissime
442 1301 526 1345 arma
548 1287 699 1346 retinebat
722 1287 920 1360 exercituque
941 1286 1002 1346 Ro-

11 1381 111 1427 mano
141 1367 352 1442 obsidebatur,
381 1369 466 1430 velut
490 1369 661 1442 poeniteret
684 1369 750 1428 eius
782 1369 871 1442 fidei,
910 1384 1003 1443 quarn

12 1451 155 1511 omnium
174 1452 395 1512 sanctissimam
409 1451 490 1511 bello
505 1453 698 1526 praestiterat
714 1451 844 1524 Punico)
855 1451 887 1511 P.
901 1450 1002 1527 Sulpi-

10 1534 87 1595 cius
101 1535 240 1610 tribunus
254 1535 353 1609 plebis
362 1534 506 1606 disertus,
520 1549 600 1608 acer,
608 1536 729 1609 opibus,
738 1537 843 1609 gratia,
852 1534 1001 1608 amicitiis,

10 1618 129 1692 vigore
149 1616 252 1690 ingeni
272 1623 366 1691 atque
386 1617 477 1675 animi
499 1617 729 1688 celeberrimus,
757 1633 824 1676 oum
846 1624 935 1677 antea
954 1632 1003 1676 re·

10 1699 160 1761 ctissime
172 1700 326 1759 voluntate
340 1700 423 1774 apud
437 1699 583 1773 populum
595 1700 758 1759 maximam
771 1700 946 1775 quaesisset
957 1700 1001 1758 di·

10 1784 175 1858 gnitatem,
192 1781 281 1856 quasi
296 1781 414 1857 pigeret
429 1797 498 1842 eum
513 1783 654 1842 virtutum
666 1799 790 1844 suarum
806 1781 1001 1843 etbenecon·

10 1868 102 1927 suita
129 1864 158 1925 ei
182 1866 261 1925 male
277 1866 436 1938 cederent,
463 1866 563 1926 subito
589 1882 705 1940 pravus
730 1872 761 1926 et
774 1883 943 1941 praeceps,
970 1866 1001 1926 c.

10 1946 116 2010 Mario
132 1955 205 2022 post
216 1949 476 2022 septuagesimum
487 1965 598 2008 annum
610 1951 714 2010 omnia
722 1950 850 2025 imperia
860 1958 891 2010 et
903 1949 1001 2011 omnis

10 2031 198 2108 provincias
220 2031 450 2106 concupiscenti
471 2031 590 2093 addixit
608 2034 770 2109 legemque
791 2034 831 2092 ad
853 2034 1002 2108 populum

10 2116 100 2188 tulit,
117 2131 178 2189 qua
192 2113 296 2174 Sullae
310 2114 469 2190 imperium
490 2116 702 2190 abrogaretur,
725 2116 755 2175 C.
771 2115 869 2178 Mario
888 2116 1003 2177 bellum

13 2200 237 2259 decerneretur
255 2196 507 2271 Mithridaticum,
537 2201 675 2275 aliusque
701 2202 787 2274 leges
810 2198 1001 2275 perniciosas

13 2289 47 2341 et
61 2281 226 2342 exitiabilis
247 2297 348 2355 neque
369 2283 545 2342 tolerandas
559 2283 673 2343 liberae
696 2283 808 2344 civitati
822 2284 904 2353 tulit,
928 2283 1000 2356 quin

16 2366 111 2426 etiam
124 2363 158 2439 Q.
172 2364 298 2440 Pompei
314 2365 450 2425 consulis
471 2365 567 2423 filiurn
582 2366 775 2440 eundemque
791 2365 895 2426 Sullae
908 2381 1001 2440 gene·

14 2464 86 2509 rum
101 2463 159 2522 per
173 2447 351 2510 emissarios
367 2445 509 2507 factionis
525 2463 601 2507 suae
615 2449 775 2507 interiecit.

102 2529 181 2591 XIX.
213 2530 300 2591 Tum
315 2529 401 2590 Sulla
415 2537 572 2592 contracto
589 2531 725 2590 exercitu
739 2531 778 2589 ad
792 2531 900 2590 urbem
913 2532 1030 2592 rediitl

18 2628 151 2689 eamque
176 2613 268 2674 armis
295 2613 473 2688 occupavit,
500 2613 664 2674 duodecim
690 2619 831 2674 auctores
853 2628 1002 2674 novarum

17 2696 286 2773 pessimorumque
299 2712 416 2768 rerum,
432 2697 510 2757 inter
525 2713 604 2772 quos
618 2696 746 2756 Marium
765 2713 833 2758 cum
847 2696 910 2757 lilio
927 2705 957 2758 et
968 2698 1001 2760 P.

21 2777 175 2856 Sulpicio,
194 2780 271 2840 urbe
293 2780 465 2843 exturbavit
484 2796 521 2840 ac
537 2781 604 2855 lege
624 2781 685 2839 lata
699 2782 807 2841 exules
828 2781 915 2851 lecit3
932 2780 1001 2842 Sul·

20 2863 133 2936 picium
158 2863 248 2923 etiam
272 2863 411 2924 adsecuti
438 2863 558 2938 equites
579 2864 609 2923 iu
622 2863 815 2925 Laurentinis
836 2865 1000 2939 paludibus

21 2945 215 3021 iugulavere,
249 2951 403 3021 caputque
427 2947 493 3006 eius
519 2954 653 3008 erectum
677 2953 709 3007 et
737 2955 920 3009 ostentatum
944 2962 1000 3021 pro

21 3027 130 3090 rostris
142 3030 227 3089 velut
244 3044 332 3090 omen
347 3029 529 3090 imminentis
541 3031 777 3106 proscriptionis
790 3030 854 3090 luit.
884 3029 1029 3090 Mariusl

23 3119 93 3185 post
103 3119 225 3172 sextum
236 3115 429 3174 consulatum
442 3128 616 3189 annumque
627 3112 887 3189 septuagesimum
899 3111 1000 3171 nudus

23 3209 56 3254 ac
70 3194 143 3256 limo
160 3196 303 3268 obrutus,
327 3195 423 3257 oculis
440 3197 647 3259 tantummodo
667 3213 704 3257 ac
718 3197 843 3258 naribus
866 3193 1000 3255 eminen-

10 3277 111 3353 ¹tibus,
123 3285 278 3340 extractus
290 3278 471 3340 arundineto
484 3279 564 3340 circa
574 3281 719 3355 paludem
724 3280 858 3340 Maricae
866 3279 896 3340 in
909 3294 1001 3354 quam

25 3374 57 3420 se
70 3362 192 3438 lugiens
208 3361 414 3424 consectantis
430 3361 532 3422 Sullae
553 3362 672 3438 equites
694 3364 866 3434 abdiderat,
888 3362 1000 3422 iniecto

25 3441 52 3503 in
73 3446 187 3508 collum
207 3447 273 3507 loro
295 3445 325 3504 in
348 3460 501 3506 carcerem
515 3445 768 3508 Minturnensium
789 3446 877 3507 iussu
893 3446 998 3506 duum
