2340 3946
115 243 146 281 ιι
382 230 481 280 uitro.
499 228 638 279 Hanslt
654 230 886 282 PRAEFATIO.

116 365 206 413 simam
228 362 261 411 ad
284 361 453 412 emendandos
470 362 560 413 Velleii
583 363 659 413 libros
678 363 803 428 prolatum
819 371 868 423 est,
893 378 1072 428 cognoscerem
1090 373 1115 414 et
1131 366 1153 418 ir

115 428 191 478 huius
209 429 324 478 editionis
341 429 472 478 utilitatem
488 438 671 488 converterem
688 445 751 480 usns
769 431 842 480 etiam
859 445 916 479 sum
934 430 1033 481 schedis
1044 431 1154 482 Linden·

117 495 257 559 brogianis,
275 496 301 543 in
314 496 404 559 quibus
422 503 504 546 tamen
517 510 582 561 quae
593 497 626 546 ad
638 497 835 547 emendationem
846 505 972 562 spectant,
990 497 1067 548 hodie
1083 513 1154 549 usura

118 562 215 612 nullum
236 561 336 612 habent,
371 563 501 612 Praeterea
523 565 603 630 capita
622 577 757 627 eorumque
774 571 858 629 partes
876 578 1064 628 nonnumquam
1082 566 1155 632 poulo

117 628 188 677 aliter
206 629 309 678 distinxi
326 643 401 692 quam
417 629 498 680 adhuc
516 630 609 680 iactum
633 638 698 688 erat,
723 631 765 680 ubi
783 646 865 680 rerum
882 633 1065 696 verborumque
1083 632 1153 682 intel·

117 695 196 744 lectus
209 709 238 744 eo
251 695 325 745 modo
338 697 417 746 iuvari
428 712 505 762 posse
516 697 659 756 videbatur;
679 697 787 761 denique
804 698 912 747 indicem
928 699 1008 748 adieci
1024 713 1076 749 non
1088 699 1154 750 illum

118 762 219 827 quidem
235 763 310 827 plane
326 778 420 813 novum
438 764 484 814 sed
500 770 582 813 tamen
602 778 643 823 eo,
669 763 817 827 qui-adhuc
838 765 999 829 vulgabatur,
1024 774 1052 815 nt
1075 767 1153 817 verbio

118 829 269 889 breviorem,
294 830 329 879 ita
343 831 418 880 rebus
435 829 514 880 multo
531 830 718 896 locupletiorem
735 838 759 880 et
776 832 873 882 mendis
890 841 1032 898 purgatum.

186 928 329 980 Scribebam
339 929 503 980 Vratislaviae
515 944 602 980 mense
613 931 678 980 Maio
691 944 713 980 a.
727 931 876 982 Mococit.
936 974 940 991 ,

547 1133 730 1144 -——-—--

186 1297 287 1346 Frustra
299 1296 397 1360 speravi
409 1295 487 1344 otium
499 1295 560 1344 mihi
571 1309 587 1344 a
597 1296 733 1346 Velleiauis
745 1296 835 1346 studiis
847 1309 994 1347 concessum
1007 1313 1077 1358 esse;
1095 1312 1157 1363 quar·

119 1364 235 1426 quotiens
258 1361 453 1420 retractaverim,
479 1362 628 1413 documento
652 1370 710 1412 sunt
729 1376 770 1422 ea,
796 1375 860 1426 quae
876 1362 926 1412 iam
944 1364 1003 1413 olim
1018 1365 1045 1414 in
1062 1365 1154 1417 diuroit

118 1429 267 1478 Halensibus
285 1429 375 1493 scripsi
386 1428 418 1477 de
429 1428 553 1479 Orelliana
570 1437 594 1478 et
611 1430 787 1494 Kreyssigiana
804 1429 964 1488 editionibus,
984 1431 1015 1480 de
1032 1431 1154 1482 Laurenti

120 1494 180 1545 locis
192 1495 333 1558 Halmiique
345 1495 558 1546 emendationibus
570 1495 706 1546 Velleianis
719 1497 787 1546 etde
800 1495 945 1562 Schoepleri
957 1497 1153 1550 adnotationibus

119 1562 224 1621 critids3
242 1561 290 1611 alia
302 1561 393 1612 deinde
405 1562 526 1612 nonnulla
536 1563 629 1613 Kritzio
641 1564 756 1628 privatim
768 1579 799 1613 su
817 1563 937 1629 peditarl,
956 1579 1013 1613 curn
1029 1580 1102 1614 suam
1113 1581 1153 1632 pa·

119 1636 184 1678 roret
200 1629 346 1689 editionem,
372 1628 420 1679 alia
440 1645 528 1680 rursus
551 1630 656 1696 protuli,
682 1645 738 1680 cum
754 1578 879 1696 perfectae
896 1630 1011 1680 editionis
1028 1646 1153 1685 censuram

119 1710 220 1761 agerem
237 1697 263 1745 in
280 1696 369 1746 iisdem
386 1698 482 1746 diurnis
493 1697 656 1757 Halensibus;
674 1698 782 1761 denique
799 1696 919 1761 quidquid
935 1705 1023 1763 postea
1040 1699 1153 1748 emenda·

119 1764 215 1812 tionum
232 1764 367 1812 subuatum
385 1771 449 1822 erat,
475 1772 534 1814 ante
556 1772 653 1830 septem
675 1779 755 1814 anuos
772 1765 798 1812 in
816 1763 863 1812 hac
880 1764 987 1814 editione
1004 1767 1154 1831 exprompsi

121 1829 202 1888 Quare
218 1842 273 1878 meo
290 1829 351 1877 mihi
368 1830 422 1878 iure
438 1837 492 1879 tum
508 1831 610 1880 videbar
621 1832 736 1896 scriptori
747 1831 838 1881 totiens
850 1837 997 1896 pertractato
1010 1831 1153 1893 valedicere,

121 1897 161 1944 arri
176 1909 222 1960 pro
239 1894 305 1943 virili
320 1903 391 1960 parte
407 1895 528 1944 auxilium
545 1894 669 1954 tulissem,
688 1912 734 1946 nec
752 1899 807 1946 sine
823 1896 905 1945 taedio
921 1897 954 1945 ad
971 1911 1014 1946 eos
1031 1913 1071 1947 me
1090 1898 1153 1949 locor

119 1961 257 2011 rediturum
268 1963 398 2026 putabam,
416 1963 443 2010 in
456 1962 545 2024 quibus
559 1962 720 2012 emendandis
732 1961 813 2012 adhuc
825 1963 916 2012 ilustra
928 1962 1094 2025 laborassem
1114 1981 1152 2016 ne·

121 2044 170 2092 que
182 2029 254 2078 etiam
266 2043 332 2077 nova
348 2028 452 2078 aliorum
464 2043 505 2077 me
521 2027 660 2077 allexerunt
677 2029 770 2087 studia,
790 2036 818 2076 ut
835 2029 953 2093 pristinas
970 2045 1042 2080 curos
1059 2041 1152 2097 repete

120 2110 185 2154 rem;
204 2109 276 2144 nemo
294 2096 360 2144 enim
377 2110 409 2144 ex
424 2094 467 2145 illo
485 2103 596 2160 ternpore
613 2103 726 2160 repertus
744 2103 793 2153 est,
812 2096 856 2158 qui
871 2096 1001 2146 assiduam
1015 2111 1116 2162 operam
1133 2101 1154 2148 ἰιι

120 2161 216 2211 Velleio
234 2169 350 2226 poneret;
368 2162 442 2225 pauci
454 2176 511 2210 eum
522 2176 537 2210 a
548 2161 634 2211 limine
646 2161 816 2211 salutavemnt
827 2177 906 2212 uuum
920 2163 1057 2213 altemmve
1074 2164 1153 2214 loona

120 2235 277 2293 temptantes.
313 2228 400 2290 Itaque
416 2242 498 2290 neque
515 2229 656 2293 expectanti
672 2228 732 2277 mihi
744 2244 790 2278 nec
805 2231 914 2294 cupienti
925 2229 1025 2288 accidit,
1044 2237 1072 2279 ut
1083 2247 1154 2297 repe·

119 2294 195 2344 tenda
206 2309 273 2342 nunc
284 2293 346 2343 haec
357 2294 432 2344 editio
445 2302 525 2355 esset,
544 2295 577 2344 ad
594 2310 667 2358 quam
685 2310 786 2361 operam
797 2303 878 2346 totum
889 2311 929 2346 me
941 2297 1089 2362 imparatum
1102 2312 1155 2348 essa

119 2361 247 2418 videbam3
266 2361 366 2426 pigebat
377 2375 437 2411 vero
448 2376 529 2426 pauca
540 2370 564 2411 et
575 2361 665 2413 frivola
675 2362 799 2427 prolerre,
819 2378 883 2427 qnae
898 2377 950 2413 uon
967 2365 1094 2427 quaerenti
1113 2368 1154 2415 ob·

120 2428 169 2477 lata
191 2435 273 2486 eraut,
299 2442 345 2477 nec
361 2430 464 2479 vacabat
481 2443 548 2480 nova
563 2445 689 2493 quaerere.
725 2432 812 2494 ltaque
834 2444 914 2478 meam
937 2431 1047 2494 inopiam
1069 2431 1155 2482 alienia

120 2493 212 2544 divitiis
225 2494 398 2546 consolaturus
410 2497 503 2546 amicos
515 2496 577 2556 adii;
596 2512 643 2546 nec
654 2496 759 2556 frustra3
777 2503 805 2544 ut
817 2497 883 2544 enim
895 2496 986 2543 eximia
997 2496 1055 2544 dote
1067 2511 1155 2548 novam

119 2559 184 2610 hano
196 2560 329 2612 editionem
342 2577 430 2612 ornare
440 2577 557 2628 possem,
575 2562 669 2612 iactum
681 2570 719 2612 est
730 2562 822 2625 insigni
833 2560 953 2610 beneflcio
965 2561 1122 2614 Mommsenii
1134 2570 1155 2614 et

121 2627 262 2692 Bernaysii,
282 2630 324 2692 qui
336 2644 398 2692 quas
409 2631 436 2678 in
447 2635 564 2694 promptu
575 2627 697 2678 habebant
710 2627 895 2676 emendationes
907 2626 1049 2678 Velleianas
1066 2629 1155 2680 libera·

120 2693 176 2743 liter
186 2694 247 2743 mihi
259 2702 449 2753 concesserunt,
468 2708 519 2744 non
537 2694 592 2743 illas
605 2693 706 2756 quidem
717 2706 747 2742 ea
758 2699 840 2741 mente
851 2707 897 2758 per
907 2695 1031 2759 margines
1047 2711 1154 2761 sparsas,

120 2768 148 2809 ut
166 2761 283 2810 continuo
301 2760 327 2809 iu
344 2761 456 2810 ordinem
472 2761 643 2825 reciperentur
658 2772 808 2823 morosoque
819 2771 849 2808 ac
861 2759 946 2810 timido
959 2762 1045 2811 editori
1058 2764 1154 2813 satisfa-

121 2833 205 2875 cerent
210 2862 218 2886 ,
237 2827 283 2876 sed
294 2840 359 2889 quae
370 2834 453 2876 tamen
465 2834 489 2876 et
500 2826 706 2876 iucundissimum
719 2833 743 2875 et
753 2825 914 2876 utilissimum
925 2829 1001 2878 critici
1013 2831 1106 2894 negotii
1118 2831 1156 2878 in·

121 2900 287 2943 strumentum
298 2894 348 2942 siut
359 2891 484 2957 huiusque
496 2893 610 2943 editionis
622 2892 697 2958 plone
707 2885 845 2958 τηλαυγὲς
856 2886 1015 2959 πρόσωπον.
1049 2896 1093 2946 His
1111 2909 1155 2961 ego

121 2960 200 3010 adieci
211 2959 252 3009 vel
263 2974 319 3009 mea
331 2960 452 3024 quaedam
463 2959 504 3009 vel
515 2958 608 3018 aliena3
625 2959 681 3024 ipsa
695 2974 755 3009 vero
767 2959 856 3009 Velloii
871 2963 947 3011 verba
963 2963 1089 3012 rarissime
1102 2977 1155 3011 mu·

121 3027 184 3087 tavi,
207 3026 266 3091 quia
281 3040 332 3077 non
349 3026 419 3076 licuit
436 3026 517 3075 denuo
535 3033 616 3075 totum
626 3025 716 3076 librum
728 3027 870 3092 diligentius
884 3035 908 3077 et
918 3042 969 3078 uno
981 3039 1068 3078 tenore
1081 3044 1155 3078 excu·

120 3101 185 3153 tere,
205 3094 236 3210 dle
243 3093 359 3210 bsingulis
376 3100 459 3142 autem
475 3092 537 3142 locis
554 3093 661 3158 sparsim
672 3093 804 3144 consilium
816 3109 904 3161 capere
914 3109 1004 3160 parum
1015 3096 1155 3145 considera·

120 3166 174 3209 tum
184 3161 210 3210 vi
230 3176 243 3209 e
260 3167 323 3209 atur.

188 3226 225 3277 De
236 3222 332 3276 Velleio
350 3226 451 3289 quidem
468 3226 524 3341 ipso
542 3225 602 3290 quid
618 3227 737 3286 seutiam,
756 3227 808 3277 dixi
825 3228 851 3277 in
871 3228 966 3278 diurnis
978 3227 1033 3276 Hal.
1046 3241 1070 3277 a.
1083 3226 1156 3295 tart.

120 3292 167 3343 No.
183 3292 240 3344 197.
264 3306 310 3342 neo
328 3300 456 3358 praeterea
492 3294 553 3343 abeo
572 3309 636 3357 quae
651 3302 711 3360 post
723 3292 861 3359 Sauppium
872 3295 1042 3357 Kritaiumque
1058 3292 1156 3351 addam,

119 3359 170 3410 nisi
187 3359 256 3424 quod
271 3360 396 3410 mentione
408 3359 499 3424 dignus
512 3359 610 3409 videtur
620 3360 649 3411 L.
662 3359 774 3410 Velleius
785 3360 944 3420 Pateroulus,
963 3361 1006 3423 qui
1020 3373 1046 3426 p.
1060 3358 1118 3410 Chr.
1131 3374 1156 3408 n.
