2340 3946
222 230 430 292 iiiSTORIAE
451 229 644 291 ROMANAE
665 230 706 302 ΙΙ,
729 237 789 291 ut.
953 225 995 291 83

16 389 150 461 quantus
162 383 245 442 nullo
257 396 392 456 unquam
403 381 473 441 loco
485 387 558 456 post
568 380 648 441 bella
660 377 873 453 iueratcivilia,
888 396 996 441 omnes

15 466 132 541 eoipso
144 465 215 526 laeti
226 470 315 524 erant
332 463 557 539 maximamque
573 463 717 543 fiduciam
730 462 876 526 victoriae
895 463 925 524 in
941 481 996 525 nu·

14 565 100 611 mero
113 548 314 624 reponebant
331 546 558 623 ‘Atimperaton
570 548 703 623 optimus
715 563 822 608 eorum
835 563 913 623 quae
924 563 995 623 age-
1008 563 1026 614 a

14 635 65 696 bat
75 633 172 695 iudex
184 639 215 693 et
225 632 308 692 utilia
321 629 473 706 speciosis
496 633 688 707 praeterens,
712 632 858 707 quodque
873 646 997 707 semper

13 733 83 797 eum
93 715 324 778 iacientemvidi
331 713 362 774 in
370 715 510 777 omnibus
517 713 616 788 bellis,
627 730 707 790 quoe
714 714 874 790 probanda
881 721 996 789 essent,

11 816 75 864 non
90 815 171 876 quae
182 800 288 875 utique
301 799 501 874 probarentur
511 815 657 874 sequens,
672 798 780 875 paucis
792 798 996 860 dicbusexer-

11 887 117 959 citum,
126 882 370 960 quiveneratatl
381 883 567 944 refovendas
582 883 996 944 euitinereeiusvirismora.

10 977 72 1044 tus,
87 984 157 1029 cum
169 983 238 1029 eum
253 968 413 1040 maiorem,
430 983 521 1042 quam
538 976 569 1028 ut
583 967 746 1043 temperari
759 973 880 1042 posset,
896 981 997 1042 neque

10 1053 148 1114 habilem
162 1052 370 1126 gubernaculo
386 1057 538 1123 cerneret,
554 1051 704 1112 dimittere
715 1049 832 1121 statuit;
850 1065 995 1126 proseeu-
1008 1068 1026 1121 3

10 1145 130 1212 tueque
141 1137 234 1210 longo
247 1142 278 1196 et
285 1150 433 1211 perquem
440 1134 596 1196 laborioso
604 1134 720 1210 itinere,
734 1135 821 1196 cuius
833 1134 997 1194 dificultas

10 1219 135 1281 narrari
149 1219 201 1279 vix
216 1226 334 1295 potest,
350 1225 384 1280 ut
397 1233 499 1294 neque
513 1218 678 1281 universos
694 1220 858 1295 quisquam
871 1219 998 1279 auderet

10 1303 158 1380 adgredi,
174 1310 205 1364 et
218 1308 334 1379 partem
346 1301 594 1379 digredientium,
614 1319 739 1364 snorum
764 1304 896 1379 quisque
916 1309 999 1362 metu

10 1388 137 1461 liniurn,
159 1387 294 1449 universi
316 1394 432 1448 tentare
453 1403 515 1448 non
543 1394 686 1462 possent,
706 1387 822 1448 remisit
842 1403 895 1459 eo,
916 1386 999 1446 unde

10 1479 172 1545 venerant,
187 1470 289 1546 etipse
297 1471 485 1546 asperrimae
491 1470 599 1530 hiemis
606 1471 860 1545 initioregressus
869 1469 999 1531 Sisciam

10 1557 147 1630 legatos,
162 1556 239 1616 inter
254 1571 335 1628 quos
349 1555 409 1630 ipsi
425 1553 547 1626 inimus,
563 1555 682 1628 partitis
694 1554 841 1629 praefecit
851 1553 997 1613 hibernis.

102 1637 203 1699 cxlv.
244 1637 267 1697 0
282 1654 348 1698 rem
362 1638 445 1698 dictu
467 1653 529 1697 non
544 1639 740 1710 eminentem,
761 1638 818 1697 sed
832 1635 932 1696 solida
945 1646 1026 1698 ve·t

10 1737 115 1798 reque
136 1721 246 1784 virtute
265 1728 358 1796 atque
379 1721 506 1782 utilitate
526 1720 704 1793 maximam,
727 1719 915 1795 experientia
929 1735 999 1778 sua-

12 1806 190 1880 vissimam,
206 1804 393 1866 humanitate
414 1804 615 1878 singularem!
649 1804 707 1864 Per
729 1819 820 1864 omne
839 1802 912 1862 balli
927 1802 1000 1862 Ger·

11 1888 130 1950 manici
152 1888 380 1964 Pannonicique
404 1895 526 1963 tempus
552 1903 642 1949 nemo
674 1904 692 1947 e
716 1887 807 1949 nobis
832 1886 1001 1962 gradumve

14 1980 157 2036 nostrum
178 1978 232 2033 aut
252 1973 508 2047 praecedentibus
531 1979 583 2032 aut
609 1970 808 2048 sequentibus
829 1970 1000 2031 imbecillus

15 2056 89 2130 fuit,
105 2056 192 2117 ouius
209 2057 293 2117 salus
309 2072 346 2116 ac
360 2057 503 2117 valetudo
519 2072 581 2118 non
596 2055 638 2117 ita
652 2061 874 2117 sustentaretur
889 2053 999 2113 cuasa-

16 2141 60 2200 ris
83 2156 171 2211 cura,
191 2146 337 2214 tanquam
357 2137 608 2209 distractissimus
629 2141 680 2200 ille
699 2145 853 2201 tantorum
874 2152 1000 2198 onerum

17 2224 99 2284 mole
112 2223 183 2282 huic
195 2222 246 2280 uni
258 2222 381 2295 negotio
393 2230 518 2283 vacaret
527 2225 656 2284 animus.
671 2224 744 2285 Erat
755 2220 1000 2284 desiderantibus
1012 2239 1029 2291 2

18 2313 162 2380 paratum
176 2305 309 2364 iunctum
323 2304 511 2378 vehiculum,
526 2306 634 2366 lectica
649 2307 715 2368 eius
732 2307 899 2382 publicata,
913 2305 1001 2365 cuius

18 2407 105 2452 auum
120 2404 190 2449 cum
207 2386 259 2447 atii
273 2394 335 2448 tum
350 2403 409 2462 ego
425 2388 527 2457 sensi;
542 2389 602 2448 iam
617 2388 743 2462 medici,
758 2390 818 2448 iam
833 2395 1000 2465 apparatus

23 2473 94 2548 cibi,
116 2471 175 2532 iam
195 2471 254 2531 hoc
275 2472 373 2532 solum
394 2475 449 2532 uni
468 2478 619 2546 portatum
640 2471 870 2532 instrumentum
890 2472 1002 2531 balinei

24 2557 134 2618 nullius
142 2571 203 2616 non
211 2555 549 2616 succurritvaletuolnn
560 2555 670 2615 domus
677 2561 790 2615 tantum
798 2570 835 2614 ao
842 2553 1001 2615 domestici

27 2639 163 2712 deerant,
180 2645 314 2700 ceterum
326 2637 416 2714 nihil,
432 2636 517 2715 quod
532 2639 570 2700 ab
585 2639 709 2700 illisam
723 2637 872 2714 praestari
887 2644 938 2697 aut
948 2637 1000 2697 de·

28 2722 151 2784 siderari
164 2730 280 2799 posset.
304 2721 457 2784 Adiieiam
471 2724 560 2797 illud,
583 2724 680 2799 quod,
698 2722 839 2799 quisquis
854 2719 913 2781 illis
928 2727 1032 2784 tem-3

30 2807 150 2879 poribus
166 2807 314 2881 interluit,
335 2807 440 2868 utalia
455 2824 534 2882 quae
548 2805 652 2881 retuli,
674 2811 824 2883 agnoscet
845 2805 1001 2882 protinus=

31 2892 109 2952 solus
127 2906 250 2967 semper
270 2906 351 2966 equo
366 2896 473 2951 vectus
488 2899 550 2965 est,
572 2893 658 2953 solus
673 2907 742 2952 cum
755 2891 808 2965 iis,
830 2906 909 2966 quos
925 2888 1001 2949 invi-

31 2976 152 3050 taverat,
173 2974 289 3036 maiora
309 2980 395 3050 parte
416 2973 597 3035 aestivarum
613 2975 841 3050 expeditionum
862 2970 1003 3033 coenavit

32 3059 154 3129 tedeos3
169 3074 230 3120 non
246 3057 446 3134 sequentibus
462 3058 670 3134 disciplinam,
692 3065 843 3134 quatenus
858 3056 1001 3129 exemplo

32 3155 85 3202 non
105 3143 288 3216 nocebatur,
315 3139 447 3216 ignovit3
474 3141 638 3204 admonitio
664 3143 825 3217 frequens,
853 3139 1002 3200 interdum

32 3231 57 3284 et
68 3226 241 3302 castigatio,
260 3225 393 3286 vindicta
406 3224 578 3296 rarissima3
599 3226 772 3301 agebatque
786 3223 921 3287 medinm
936 3223 1002 3297 plu·

32 3305 99 3370 rima
105 3309 340 3382 dissimulantis,
356 3306 638 3383 aliquainhibentis.
653 3309 757 3370 Hiems
765 3308 1000 3369 emolumentum
1014 3315 1033 3368 4

33 3395 133 3461 patrati
147 3392 220 3455 belli
235 3392 376 3463 contuitu
393 3391 450 3452 sed
463 3390 637 3468 insequenti
648 3399 763 3454 aestate
773 3392 871 3454 omnis
883 3391 1001 3451 Panno-

35 3471 77 3536 nia
95 3477 233 3554 reliquiis
254 3477 348 3539 totius
366 3474 439 3536 belli
459 3476 489 3537 in
509 3477 657 3538 Delmatia
677 3476 869 3596 manentibus
896 3489 1003 3552 pacem
