2370 3946
256 219 467 291 HISTORlAE
480 214 674 281 ROMNAE
688 222 717 295 Ι,
732 229 776 284 18.
956 218 998 283 13

54 380 104 433 ota
118 370 207 432 annis
223 372 441 432 circumdatum
455 389 565 432 aevum
576 372 652 444 tulit,
666 380 700 432 ut
714 389 771 432 nec
785 377 946 449 poetarum
967 374 999 436 iu

54 457 175 532 itiquius
200 453 365 515 citeriusve
390 457 541 530 processit
564 448 697 515 irbertas.
733 460 774 516 At
788 459 885 518 oratio
900 475 937 518 ac
952 459 1032 520 viss

55 541 154 599 reosis
166 539 397 614 perlectumque
406 554 521 613 prosae
534 540 728 612 eloquentiae
742 540 848 611 decus,
871 549 905 601 ut
919 543 1000 603 idem

54 631 182 698 paretur
202 623 290 696 Cato,
313 638 391 696 pace
414 621 447 680 P.
462 622 567 682 Crassi
585 622 802 697 Scipionisque
824 632 854 684 et
867 625 950 684 Laeli
970 634 1001 685 et

54 707 229 768 racchorum
239 713 270 765 et
278 706 373 766 Fanni
388 712 419 764 et
426 705 514 765 Servi
526 705 640 765 Galbae
651 705 788 779 dixerim,
801 708 842 765 ita
855 709 1000 769 universa

54 790 81 849 rb
95 790 234 865 principe
245 790 349 865 operis
359 791 409 850 sui
420 789 632 863 erupitTullio,
646 796 680 848 ut
690 789 835 850 delectari
849 800 999 852 antaeum

54 874 226 946 tutissimis,
242 873 342 933 mirari
355 887 431 932 vero
446 874 597 933 nemiuem
614 871 729 947 possis,
754 873 813 932 nisi
828 880 881 933 aut
894 874 933 932 ab
947 876 999 936 illo

54 972 120 1015 ,sum
135 964 188 1016 aut
202 957 254 1030 qui
267 955 349 1015 illum
364 955 483 1015 viderit.
517 957 585 1015 Hoc
599 957 679 1014 idem
694 955 837 1016 evenisse
852 969 1033 1030 grammat

54 1040 99 1112 cis,
113 1039 234 1114 plastis,
248 1040 426 1113 pictoribus,
449 1039 654 1114 scalptoribus
669 1039 813 1115 quisquis
827 1047 1000 1115 temporum

54 1121 163 1183 rstitcrit
176 1122 258 1182 notis
272 1122 414 1198 reperiet,
437 1122 632 1182 eminentiam
656 1127 806 1198 cuiusque
827 1125 930 1199 operis
952 1142 999 1183 ar·

54 1206 146 1266 ssimis
162 1215 334 1280 temporum
349 1206 489 1267 claustris
498 1205 723 1269 circumdatam.
751 1209 849 1267 Huius
864 1224 937 1284 ergo
952 1225 999 1266 re·
1014 1221 1031 1270 5

54 1289 159 1349 edentis
181 1291 260 1348 intra
278 1292 415 1351 seculum
435 1290 625 1364 ingeniorum
647 1292 849 1351 similitudinis
872 1307 998 1366 congre-

54 1375 184 1448 tutisque
199 1389 234 1433 se
249 1381 279 1433 et
292 1374 323 1432 in
339 1374 471 1433 studium
487 1391 543 1448 par
556 1381 587 1432 et
600 1375 630 1433 in
640 1377 875 1434 emolumentum
888 1392 999 1436 causas

54 1473 90 1515 rm
106 1473 232 1531 semper
246 1459 378 1531 requiro,
401 1474 556 1532 nunquam
576 1460 698 1532 reperio
722 1476 800 1532 quas
822 1475 894 1519 esse
908 1476 999 1518 veras

54 1541 184 1614 mildam,
196 1541 256 1600 sed
265 1542 399 1601 tortasse
408 1542 473 1600 vcri
484 1539 608 1610 similes,
621 1542 699 1600 inter
707 1558 783 1615 quas
795 1542 851 1601 has
859 1545 999 1601 maxime.

54 1622 84 1684 lit
96 1624 259 1685 aemulatio
273 1625 395 1698 ingenia
405 1632 435 1683 et
446 1640 527 1685 nuuc
542 1623 746 1682 invidiauunc
761 1624 920 1683 admiratio
935 1624 1031 1696 imi-5

54 1707 166 1770 ‚tionem
189 1707 329 1768 accendit
341 1714 513 1783 naturaque
524 1707 608 1782 quod
623 1723 742 1767 summo
757 1707 858 1767 studio
873 1707 1002 1781 petitum

54 1797 77 1863 rt,
92 1792 233 1851 ascendit
246 1790 276 1850 in
288 1809 440 1852 summum
454 1792 649 1864 difficilisque
663 1792 693 1850 in
709 1792 845 1864 perlecto
856 1807 943 1850 mora
954 1799 1002 1850 est

54 1876 260 1950 rturaliterque
275 1876 360 1950 quod
371 1877 541 1949 procedere
555 1893 616 1935 nou
632 1882 747 1950 potest,
771 1873 896 1948 recedit,
918 1882 948 1935 et
968 1884 1002 1936 ut

54 1955 121 2019 :imo
137 1959 180 2018 ad
194 1960 432 2034 consequendos
447 1977 527 2035 quos
547 1960 667 2034 priores
689 1960 838 2031 ducimus,
857 1960 999 2018 accendi·

56 2058 96 2115 ur,
111 2041 153 2102 ita
167 2043 220 2102 ubi
235 2049 288 2102 aut
300 2045 458 2116 praeteriri
473 2051 525 2103 aut
535 2043 661 2119 aequari
675 2059 731 2103 eos
743 2057 840 2117 posse
854 2042 999 2115 despera-

54 2141 129 2198 mus,
146 2127 280 2186 studium
293 2142 361 2186 oum
376 2143 434 2200 spe
449 2129 582 2187 senescit
592 2135 623 2187 et
634 2128 718 2201 quod
729 2126 860 2201 adsequi
874 2142 935 2184 non
944 2142 999 2199 po·

55 2217 88 2280 st,
105 2209 355 2284 sequidesiuitet
365 2213 449 2271 velut
459 2219 641 2286 occupatam
654 2212 830 2284 relinquens
845 2211 1000 2269 materiam

54 2292 141 2353 ruerit
154 2309 275 2365 novam,
290 2296 517 2370 praeteritoque
532 2312 569 2354 eo
585 2294 614 2354 in
629 2311 690 2368 quo
703 2295 837 2353 emiuere
851 2311 911 2353 non
928 2310 999 2367 pos-

54 2392 140 2448 tmus,
158 2376 273 2450 aliquid
288 2378 318 2437 iu
335 2396 397 2451 quo
412 2379 550 2450 nitamur,
566 2377 774 2450 conquirimus
789 2379 999 2451 sequiturque,

54 2460 214 2535 ‘irequens
228 2476 266 2520 ac
283 2460 405 2522 mobilis
418 2461 563 2520 transitus
577 2459 742 2518 maximum
755 2460 881 2532 perlecti
896 2462 999 2533 operis

54 2543 272 2616 ›pedimentum
294 2544 342 2604 sit.

103 2626 212 2685 XVlll.
252 2628 373 2688 Transit
393 2629 551 2688 admiratio
571 2627 609 2686 ab
632 2625 807 2686 conditione
829 2631 1029 2699 temporum1

67 2709 106 2768 ad
135 2710 265 2770 urbium.
299 2712 367 2772 Una
387 2713 462 2771 urbs
473 2713 574 2772 Attica
589 2711 728 2784 pluribus
750 2712 838 2770 uoltis
852 2710 999 2784 eloquen-

54 2807 88 2866 te,
113 2809 203 2866 quarn
219 2795 365 2855 universa
376 2795 503 2854 Graecia
518 2796 728 2870 operibusque
743 2793 853 2867 floruit,
876 2795 954 2853 adeo
968 2805 1001 2852 ut

54 2892 153 2950 ›rpora
168 2878 267 2950 gentis
283 2878 363 2939 illius
386 2888 528 2952 separata
550 2878 633 2952 [sint]
655 2879 683 2936 in
697 2879 772 2937 alias
787 2877 933 2949 civitates,
956 2879 999 2936 in·

54 2960 109 3018 tola
133 2976 208 3019 vero
237 2963 313 3022 solis
333 2963 565 3023 Atheniensium
593 2961 689 3020 muris
704 2964 809 3021 clausa
834 2961 999 3019 existimes.

54 3057 126 3117 tque
142 3040 200 3118 'ego
217 3044 277 3105 hoo
294 3046 392 3120 magis
410 3047 534 3104 miratus
546 3047 613 3118 sim,
636 3062 728 3119 quam
750 3043 898 3103 neminem
910 3042 1030 3114 Argi-a

54 3143 100 3200 rm,
113 3127 302 3204 Thebanum,
317 3129 592 3189 Lacedaemonium
608 3137 760 3188 oratorem
774 3133 826 3186 aut
840 3127 911 3185 dum
925 3125 1001 3183 vixit

54 3212 210 3285 ieiunitate,
231 3221 284 3272 aut
304 3221 523 3287 postmortem
538 3213 684 3272 memoria
705 3213 831 3285 dignum
846 3209 998 3270 existima-

54 3310 96 3364 m;
113 3311 196 3370 quae
210 3297 303 3356 urbes
318 3295 421 3356 talium
438 3296 699 3356 studiorumluere
710 3294 838 3365 steriles,
854 3293 912 3353 nisi
924 3292 1000 3352 The-

54 3395 75 3436 s
90 3395 184 3438 unum
202 3394 237 3438 os
251 3378 373 3439 Pindari
387 3379 594 3446 inluminaret3
618 3394 687 3437 nam
700 3380 848 3436 Alcmana
860 3378 1000 3436 Lacones

54 3461 97 3521 lso
109 3462 169 3522 sibi
183 3462 347 3522 vindicant.
364 3463 413 3535 [Et
426 3463 457 3522 in
471 3464 556 3522 Italia
569 3464 584 3494 *
594 3460 608 3496 *
617 3459 645 3531 *J

398 3584 625 3602 ...an—-
