2370 3946
144 230 185 295 76
320 318 322 323 Ι
408 233 449 291 m.
472 231 613 292 vanam
633 232 850 293 sarnacum
905 292 907 297 ,

143 388 173 446 in
189 384 368 460 conloquio,
392 386 440 445 cui
456 401 491 445 se
512 392 625 445 temere
640 384 826 460 crediderat,
849 385 931 448 circa
944 387 1105 462 Artageram

142 468 276 544 graviter
297 468 480 544 aquodam,
503 470 625 530 nomine
639 469 767 542 Adduo,
789 470 968 531 vulneratus
984 486 1023 530 ex
1036 474 1108 531 eout

143 569 258 627 corpus
269 552 369 612 minus
385 552 494 627 habile,
509 553 551 613 ita
562 552 694 612 animum
705 553 805 614 minus
819 554 923 614 utilem
936 554 1108 630 reipublicae

110 636 256 703 thabere
271 636 382 712 coepit.
402 635 466 696 Nec
481 636 577 697 deluit
591 636 783 700 conversatio
798 637 952 699 hominum
969 638 1042 699 vitia
1055 639 1109 698 eius

143 719 351 781 assentatione
366 720 524 794 alentium,
545 720 669 795 (etenim
690 737 813 797 semper
832 738 962 797 magnae
984 723 1111 785 fortunat

143 818 247 863 comes
263 803 351 864 adest
372 803 520 875 adulatio)
541 819 597 878 per
612 820 691 879 quae
705 821 743 866 eo
759 806 868 865 ductus
884 812 965 880 erat,
986 810 1021 866 ut
1034 807 1063 865 in
1075 805 1110 865 nl

142 887 215 947 timo
231 904 269 948 ac
281 887 486 948 remotissimo
508 893 656 947 terrarum
671 888 754 949 orbis
769 891 881 964 angulo
897 902 1113 950 consenescere

111 986 126 1038 a
143 987 234 1046 quam
249 973 378 1033 Romam
392 971 514 1044 regredi
529 972 641 1033 mallet.
666 972 725 1033 Diu
740 973 852 1033 deinde
865 975 1033 1034 reluctatus
1047 971 1113 1033 invi·

141 1062 255 1131 tusque
268 1062 426 1116 revertens
440 1056 469 1113 in
486 1054 600 1114 ltaliam
616 1055 646 1115 in
661 1056 738 1116 urbe
752 1056 875 1134 Lyciae,
889 1054 1014 1133 Limyra
1028 1055 1114 1117 nomi·

142 1147 230 1211 nant,
247 1139 355 1200 morbo
371 1136 458 1212 obiit,
481 1155 549 1199 cum
564 1147 635 1198 autc
650 1156 762 1198 annum
776 1140 871 1200 ferme
886 1141 919 1199 L.
935 1140 1051 1201 Caesar
1065 1141 1113 1200 ira·

141 1231 188 1284 ter
202 1224 268 1284 eius
283 1222 448 1298 Hispanias
464 1229 571 1297 petens
586 1222 742 1282 Massiliae
757 1223 956 1285 decessisset.

110 1323 123 1372 1
223 1306 296 1366 0111.
319 1305 382 1367 Sed
399 1307 532 1379 fortuna,
549 1322 629 1383 quae
644 1307 834 1367 subduxerat
848 1324 937 1382 spem
951 1309 1116 1384 magnino

141 1390 246 1463 minis,
275 1391 333 1449 iam
361 1397 424 1449 tum
450 1390 638 1466 reipublicae
666 1406 723 1450 sua
750 1391 905 1466 praesidia
931 1392 1116 1455 reddiderata

142 1473 258 1548 quippe
272 1481 342 1533 ante
355 1473 517 1549 utriusque
530 1474 638 1535 horum
654 1475 769 1536 obitum
788 1481 873 1550 patre
889 1481 940 1536 tuo
956 1475 987 1535 P.
1002 1475 1116 1537 Vinicio

141 1559 270 1618 consule
291 1557 333 1618 Ti.
349 1559 428 1618 Nero
452 1575 596 1619 reversus
611 1559 721 1621 Rhodo
742 1558 912 1620 incredibili
933 1559 1049 1621 laetitia
1063 1577 1116 1636 pa·

107 1658 124 1710 a
140 1642 226 1701 triam
237 1645 419 1718 repleverat.
442 1644 509 1703 Non
522 1649 571 1703 est
584 1644 636 1703 diu
648 1650 807 1703 cunctatus
820 1643 934 1704 Caesar
943 1646 1116 1718 Augustum

106 1727 109 1730 ”
139 1727 336 1801 nequeenim
353 1728 547 1803 quaerendus
560 1734 632 1800 erat,
650 1743 740 1801 quem
756 1729 878 1802 legeret,
893 1728 949 1787 sed
962 1729 1116 1803 legendus,

140 1810 192 1883 qui
208 1809 374 1880 eminebat;
393 1811 497 1885 itaque
512 1811 597 1885 quod
611 1817 683 1884 post
697 1810 771 1870 Luci
785 1817 914 1878 mortem
929 1810 1033 1872 adhuc
1048 1811 1116 1873 Galo

139 1890 210 1951 vivo
226 1892 328 1951 lacere
343 1894 490 1964 voluerat,
506 1901 536 1953 et
551 1893 636 1967 qnod
652 1893 847 1952 vehementer
860 1902 1056 1970 repugnante
1064 1895 1116 1957 Nc-

139 1991 216 2036 ronc
231 1983 296 2036 erat
310 1974 472 2048 inhibitus,
488 1983 561 2049 post
573 1976 734 2049 utriusque
750 1977 988 2038 adulescentium
1006 1979 1116 2041 obitum

138 2060 241 2119 iacere
255 2057 474 2135 perseveravit,
489 2064 523 2117 ut
536 2066 567 2119 et
582 2058 759 2118 tribuniciae
774 2060 934 2132 potestatis
950 2063 1116 2125 consortio

139 2158 207 2201 nem
226 2143 339 2202 Neroni
361 2142 573 2216 constitueret,
593 2144 719 2202 multum
741 2141 862 2217 quidem
887 2159 924 2204 eo
947 2160 1018 2207 cum
1040 2146 1116 2207 dorni

137 2233 200 2285 tum
222 2226 251 2283 in
272 2232 380 2286 senatu
401 2231 579 2300 recusante,
606 2234 727 2287 etcum
747 2228 834 2287 Aelio
851 2227 939 2302 Calo,
967 2228 997 2289 C.
1015 2229 1116 2293 Sentit

139 2308 316 2369 consulibus
337 2309 376 2369 V.
397 2309 464 2370 Kal.
486 2310 593 2384 Iulias,
622 2319 694 2386 post
717 2310 824 2372 urbem
849 2311 1004 2373 conditam
1031 2315 1116 2375 anuis

138 2393 339 2468 septingentis
357 2395 577 2472 quinquaginta
593 2402 744 2471 quattuor,
759 2394 871 2456 abhinc
886 2413 984 2457 annos
999 2404 1116 2474 septem

104 2485 122 2538 3
136 2485 166 2536 et
179 2478 300 2553 viginti,
324 2479 494 2556 adoptaret.
525 2479 683 2541 Laetitiam
698 2479 779 2539 illius
796 2479 855 2539 dici
870 2495 1116 2559 concursumque

137 2560 265 2623 civitatis
281 2569 312 2624 et
326 2572 398 2625 vota
412 2579 511 2640 paene
524 2565 722 2624 inserentium
738 2563 826 2624 coelo
841 2580 951 2625 manus
967 2580 1116 2643 spemque

136 2654 316 2722 conceptam
338 2653 506 2723 perpetuae
526 2648 698 2709 securitatis
720 2647 969 2723 aeternitatisque
989 2648 1116 2711 Romani

135 2730 243 2804 imperi
257 2730 309 2788 vix
324 2731 354 2788 ln
368 2731 420 2791 illo
435 2729 516 2791 iusto
532 2747 627 2807 opere
641 2730 764 2790 abunde
779 2731 926 2805 persequi
940 2731 1116 2807 poterimus,

135 2813 248 2872 nedum
264 2812 313 2871 hic
328 2813 457 2889 implere
471 2820 636 2875 tentemus=
657 2812 690 2874 id
710 2831 803 2876 unum
819 2816 937 2876 dixisse
958 2816 1042 2892 [sata
1055 2819 1116 2897 cst]

103 2910 121 2964 4
136 2911 228 2971 quarn
243 2896 293 2956 ille
307 2899 406 2959 omnia
421 2896 563 2960 omnibus
579 2899 676 2960 luerit.
709 2899 784 2959 Turn
805 2899 923 2960 ralulsit
937 2906 1022 2962 certa
1043 2917 1116 2979 spes

134 2980 301 3043 liberorum
316 2981 509 3058 parentibus,
526 2981 599 3043 viris
614 2982 889 3057 matrimoniorum,
915 2984 1049 3046 dominis
1065 3001 1116 3062 pa«

134 3065 269 3139 trimoni,
287 3065 428 3126 omnibus
443 3065 619 3128 hominibus
634 3069 757 3141 salutis,
773 3067 900 3142 quietis,
917 3068 1020 3143 pacis,
1036 3076 1116 3131 tran·

135 3148 305 3224 quillitatis,
334 3150 412 3210 adeo
434 3155 468 3210 ut
488 3165 545 3210 nec
567 3153 637 3226 plus
659 3149 778 3226 sperari
799 3149 947 3227 potuerit,
969 3167 1029 3213 nee
1050 3150 1116 3231 spei

132 3230 316 3308 responderi
331 3232 460 3294 felicius.

103 3325 113 3375 l
212 3315 287 3376 CIV.
315 3317 490 3393 Adoptatus
506 3319 614 3378 eadem
629 3319 678 3379 die
693 3318 782 3379 etiam
795 3317 836 3378 M.
852 3317 1008 3395 Agrippa,
1026 3337 1116 3396 quern

134 3404 353 3473 postmortem
367 3401 525 3477 Agrippae
546 3401 621 3463 iulia
642 3401 733 3462 enixa
753 3409 833 3473 erat;
856 3403 964 3463 sedin
985 3403 1116 3466 Neronis

64 3523 68 3529 ·
132 3482 301 3558 adoptione
314 3483 389 3545 illud
411 3485 562 3546 adiectum
584 3485 632 3545 bis
653 3485 729 3561 ipsis
746 3486 886 3547 Caesaris
907 3485 1026 3547 verbisa
1047 3488 1116 3565 hoc,
