2340 3946
149 229 190 292 36
418 227 459 287 Μ.
478 228 619 288 VELLEI
637 228 854 290 PATERCULI

148 380 330 454 triumphum
347 395 416 439 cum
430 377 570 454 ipsorum
585 378 748 453 singularis
764 379 876 452 virtus,
899 385 961 438 tum
976 379 1070 438 etiam
1083 378 1129 439 in-

150 464 231 523 vidia
244 463 370 537 Pompei
389 463 473 537 apud
488 461 634 537 optimum
650 477 803 537 quemque
823 462 894 522 iecit
914 461 1123 527 favorabilem

118 547 205 608 3Per
224 545 301 605 hacc
321 554 460 621 tempora
472 545 513 605 Μ.
529 545 650 616 Cicero,
673 546 842 621 calomnia
862 545 1050 605 incrementa
1070 562 1151 605 sua·

149 630 208 691 sibi
222 628 340 704 debuit,
361 628 409 689 vir
422 629 564 689 novitatis
580 627 787 689 nobilissimae
801 637 831 689 et
845 635 879 689 ut
893 628 954 688 vita
968 630 1073 688 clarus
1088 629 1127 688 ita

147 712 270 788 ingenio
286 713 446 784 maximus,
462 713 515 787 qui
530 711 638 786 effecit,
653 727 692 771 ne
705 727 834 787 quorum
846 728 930 771 arma
944 712 1126 786 viceramus,

148 812 255 857 eorum
269 796 390 871 ingenio
405 796 610 869 vinceremur,
628 796 738 856 consul
752 795 841 870 Sergi
856 793 1001 856 Catilinae
1015 795 1127 855 Lentu-

147 881 231 956 lique
243 887 273 938 et
284 878 407 954 Cethegi
418 886 448 939 et
459 879 587 939 aliorum
600 877 759 951 utriusque
771 877 887 940 ordinis
901 878 1038 938 virorum
1053 895 1126 940 oon-

148 962 329 1025 iurationem
349 962 494 1037 singulari
514 962 639 1035 virtute,
663 961 848 1033 constantia,
871 960 973 1035 vigilia
988 977 1126 1037 curaque

116 1048 275 1122 laperuit.
302 1047 426 1107 Catilina
440 1052 521 1106 metu
536 1045 706 1106 consularis
721 1045 829 1120 imperi
843 1045 919 1106 urbe
934 1047 1045 1120 pulsus
1061 1054 1125 1115 est3

147 1131 293 1191 Lentulus
308 1129 478 1191 consularis
495 1135 525 1188 et
538 1135 662 1204 praetor
678 1129 785 1189 iterum
800 1128 1016 1203 Cethegusque
1030 1137 1062 1190 et
1076 1129 1125 1190 alii

148 1216 221 1275 clari
241 1215 370 1274 nominis
389 1211 447 1271 viri
462 1219 587 1272 auctore
602 1218 723 1286 senatu,
745 1213 832 1272 iussu
852 1213 989 1273 consulis
1010 1213 1042 1272 in
1060 1229 1126 1272 car·

149 1314 218 1357 cere
233 1298 331 1357 necati
347 1303 425 1356 sunt.
990 1295 993 1299 “

116 1395 131 1445 1
224 1380 344 1439 XXXV.
371 1380 424 1438 llle
439 1385 564 1439 senatus
581 1379 662 1451 dica,
679 1395 740 1453 quo
755 1377 832 1437 haec
846 1385 914 1438 acta
929 1386 1015 1453 sunt,
1031 1380 1125 1439 virtu·

146 1471 206 1522 tem
224 1462 264 1522 M.
281 1463 419 1535 Catonis,
445 1463 504 1522 iam
524 1462 625 1522 multis
646 1464 676 1520 in
696 1460 790 1522 rebus
811 1463 1009 1536 conspicuam
1032 1471 1126 1539 atque

115 1548 364 1621 apraenltentem
380 1545 410 1605 in
425 1546 573 1608 altissimo
587 1548 728 1618 omminc,
744 1545 940 1606 inluminavit.
966 1545 1024 1605 Hic
1040 1548 1125 1620 geni-

145 1639 194 1691 tus
206 1647 324 1707 proavo
335 1630 507 1703 Medione,
524 1630 661 1705 principe
672 1629 723 1687 illo
736 1629 866 1689 familiae
877 1629 1014 1703 Porciae,
1031 1629 1124 1692 homo

144 1715 255 1776 Virtuti
277 1713 445 1774 simillimus
467 1720 497 1773 et
516 1729 573 1788 per
588 1713 689 1773 omnia
702 1713 823 1787 ingenio
840 1713 898 1773 diis
913 1728 1005 1786 quam
1026 1713 1124 1774 homi-

145 1798 235 1858 nibus
251 1798 391 1872 propior,
408 1796 461 1872 qui
475 1813 632 1870 nunquam
646 1803 729 1855 recte
740 1796 824 1870 iecit,
840 1803 872 1855 ut
887 1797 989 1856 iacere
1003 1797 1124 1856 videre-

144 1888 208 1953 tur,
227 1882 283 1940 sed
299 1880 370 1954 quia
384 1881 470 1938 aliter
485 1882 587 1939 iacere
601 1895 662 1938 non
677 1885 834 1953 potuerat,
852 1878 962 1954 cuique
976 1879 1009 1939 id
1024 1882 1124 1942 solum

144 1965 245 2024 visum
258 1971 305 2024 est
318 1963 466 2022 rationem
480 1961 608 2035 habere,
624 1961 708 2035 quod
722 1961 849 2022 haberet
864 1963 1010 2037 iustitiae,
1027 1966 1126 2025 omni-

144 2048 203 2107 bus
217 2046 358 2107 humanis
376 2046 455 2105 vitiis
470 2044 610 2104 immunis
627 2059 750 2119 semper
770 2044 921 2106 fortunam
938 2045 969 2105 in
990 2062 1049 2108 sua
1070 2065 1126 2122 po-

113 2136 252 2200 3teslate
274 2129 388 2190 habuit.
419 2128 475 2187 Hic
491 2127 630 2188 tribunus
651 2127 750 2201 plebis
772 2128 951 2203 designatus
972 2138 1002 2188 et
1022 2131 1126 2192 adhuc

145 2213 309 2274 admodum
325 2212 525 2283 adulescens,
550 2227 618 2270 cum
633 2210 684 2270 alii
699 2212 877 2288 suaderent,
899 2220 932 2274 ut
952 2228 1008 2287 per
1025 2217 1124 2275 muni-

145 2297 225 2370 cipia
243 2296 389 2356 Lentulus
417 2294 627 2370 coniuratique
651 2294 892 2369 custodirentur,
918 2312 1018 2370 paene
1044 2299 1127 2360 inter

72 2393 74 2399 ·
143 2379 266 2440 ultimos
287 2379 490 2454 interrogatus
506 2380 700 2452 sententiam,
722 2385 804 2439 tanta
818 2380 848 2438 vi
864 2379 954 2438 animi
969 2387 1064 2456 atque
1080 2383 1125 2443 in-

143 2462 214 2538 geni
236 2463 373 2523 invectus
389 2469 435 2522 est
454 2463 485 2522 in
506 2461 760 2533 coniurationem,
787 2476 825 2519 eo
848 2462 958 2521 ardore
974 2465 1037 2524 oris
1056 2482 1124 2526 ora·

143 2546 258 2606 tionem
284 2547 418 2607 omnium
442 2546 595 2606 lenitatem
620 2544 811 2605 suadentium
836 2544 983 2606 societate
1013 2551 1126 2610 consili

143 2639 319 2705 suspectam
339 2630 424 2702 iecit,
446 2629 491 2688 sic
513 2626 719 2702 impendentia
739 2641 778 2684 ex
797 2626 892 2686 ruinis
908 2628 1126 2707 incendiisque

66 2768 72 2776 .
142 2713 226 2772 urbis
239 2722 269 2774 et
284 2711 517 2772 commutatione
529 2716 625 2769 status
638 2708 752 2782 publici
765 2710 902 2783 pericula
912 2713 1066 2788 exposuit,
1082 2716 1127 2777 ita

143 2797 278 2856 consulis
299 2793 440 2853 virtutem
460 2792 669 2866 amplificavit,
695 2798 728 2852 ut
755 2792 918 2856 universus
943 2803 1069 2857 senatus
1092 2802 1125 2860 in

142 2880 210 2938 eius
237 2877 418 2937 sententiam
443 2876 585 2935 transiret
609 2875 971 2951 animadvertendumque
996 2880 1028 2938 in
1055 2898 1124 2958 eos,

143 2977 223 3037 quos
245 2961 467 3037 praediximus,
489 2965 629 3018 censeret
648 2959 807 3034 maiorque
827 2977 900 3036 pars
922 2961 1038 3024 ordinis
1054 2967 1123 3027 eius

108 3045 318 3106 ecioeronem
338 3049 600 3120 prosequerentur
620 3043 754 3104 domum.
782 3045 823 3104 At
838 3042 965 3105 catilina
985 3062 1048 3106 non
1071 3066 1118 3110 se-

140 3130 228 3204 gnius
242 3137 348 3191 conato
362 3127 444 3199 obiit,
461 3142 552 3200 quam
570 3128 696 3189 sceleris
710 3127 841 3189 conandi
853 3129 981 3189 consilia
993 3130 1120 3203 inierat;

141 3213 258 3288 quippe
272 3209 437 3271 fortissime
453 3209 616 3284 dimicans,
634 3228 724 3287 quem
740 3211 878 3286 spiritum
893 3213 1048 3288 supplicio
1064 3216 1117 3278 de-

139 3296 260 3367 buerat,
276 3297 391 3374 proelio
405 3291 546 3353 reddidit.

113 3388 128 3440 1
219 3378 353 3438 XXXVI.
380 3375 557 3438 consulatui
573 3379 728 3441 ciceronis
747 3395 809 3441 non
830 3379 985 3442 mediocre
1005 3380 1119 3444 adiecit

139 3463 235 3522 decus
250 3468 340 3522 natus
354 3477 392 3522 eo
408 3477 488 3523 anno
504 3462 593 3524 divus
607 3465 765 3538 Augustus
781 3463 891 3525 abhinc
906 3481 1003 3528 annos
1019 3481 1116 3528 nona·
