2340 3946
155 260 211 297 sm
424 243 523 294 nmo.
541 242 679 292 HAASII
696 241 926 292 PRAEFATIO.

155 377 216 436 HS,
229 383 256 426 ut
267 378 370 427 omnium
381 402 422 425 -.
442 377 506 426 coni.
519 377 553 426 M.
568 391 643 440 quem
654 376 688 425 its
699 382 801 425 secutus
813 390 882 436 sum,
901 382 929 425 nt
941 389 990 425 non
1005 380 1049 441 qut
1059 376 1107 426 sed
1118 384 1162 444 W!

155 445 296 494 scriberem.

222 507 267 567 11,
281 506 309 565 2.
333 512 374 560 cui
384 525 420 561 en
430 512 520 560 uirtute
533 510 694 560 Macedonici
704 523 791 559 nomeu
803 507 943 558 inditurus
960 515 1030 568 erat,
1049 511 1105 560 scii.
1120 512 1162 562 Pu

156 575 251 643 dophili
269 592 326 642 pus.
351 578 384 626 Μ.

222 592 272 703 ΙῖΡ,
286 640 311 700 6.
336 646 400 694 adca
413 646 496 694 odium
506 669 540 679 -
556 659 587 692 ne
599 645 625 692 in
635 646 707 692 oletis
719 644 816 708 quidem
827 644 962 706 deponitur
974 658 1055 709 neque
1067 650 1128 694 ante
1140 647 1162 694 in

152 726 208 760 sum
224 725 279 761 esse
297 711 402 769 desinit,
444 727 500 760 uara
523 711 606 776 quod
627 723 683 760 esse
706 711 789 758 desiit.
814 710 878 759 coni.
897 710 926 760 G.
944 710 1037 759 Liuker
1053 711 1080 759 in
1098 711 1162 762 Dion

156 778 241 826 Austr.
255 776 373 827 scholast.
387 792 409 827 a.
425 728 497 827 4852.
510 790 568 843 psg.
581 774 623 825 88.

223 841 270 903 13,
284 842 310 901 3.
334 859 482 911 semperque
494 849 537 892 aut
548 843 661 892 belliani
677 845 750 907 pacis
765 858 798 893 se
815 845 938 893 erudiit
954 843 1060 893 artibus.
1085 845 1119 893 M.

222 908 270 970 14,
284 907 312 966 4.
337 913 365 961 In
382 912 422 961 ed.
434 911 513 976 princ.
532 917 556 959 et
573 909 628 960 cod.
641 910 741 959 Amerb.
754 918 820 960 recte
837 911 911 960 scribi
928 909 961 958 sit
973 910 1006 959 Μ.
1020 926 1036 959 a
1048 909 1096 975 Sp.
1109 913 1162 963 Post

157 980 217 1037 mio,
236 993 286 1027 non
299 994 342 1038 ac,
362 979 422 1041 quio
433 991 565 1027 censorum
576 977 676 1026 nomina
693 991 743 1026 non
760 978 912 1042 temporibus
924 976 1065 1027 indicendis
1078 977 1162 1030 adhibe

155 1053 210 1104 tur,
224 1045 347 1095 civitatem
358 1058 418 1094 vero
430 1042 489 1093 dare
501 1057 618 1093 censores
631 1044 679 1093 dioi
689 1051 809 1108 possunt,
828 1057 901 1107 quem
913 1044 940 1093 in
952 1044 1047 1094 tabulas
1061 1046 1162 1096 mittunt

224 1108 272 1170 15,
286 1109 314 1165 4.
338 1109 489 1161 Scolacium
504 1109 666 1170 Minervium,
694 1110 828 1160 Tarentum
844 1111 980 1174 Neptunia.
1016 1109 1059 1160 Sic
1083 1120 1162 1175 quattu

156 1177 219 1227 haec
231 1179 332 1228 nomina
343 1176 474 1227 scribenda
491 1191 560 1234 esse,
579 1185 606 1226 nt
623 1177 728 1227 duarum
744 1177 897 1226 coloniorum
914 1179 977 1236 sint,
1004 1178 1089 1227 docuit
1101 1179 1162 1229 Md

158 1244 271 1295 Berichte
283 1245 327 1294 der
337 1245 397 1293 uon.
410 1242 493 1292 siohs.
507 1243 565 1294 Ges.
579 1244 604 1292 d.
617 1244 660 1293 W.
672 1243 761 1293 Philol.
774 1242 832 1293 hist.
845 1244 882 1293 Kl.
898 1242 971 1293 1849.

223 1308 271 1370 16,
285 1306 312 1365 4.
337 1311 439 1373 inperia
451 1308 583 1361 Socratico
596 1325 641 1360 ore
659 1311 924 1374 efflorescentia.
948 1312 982 1360 M.

275 1374 313 1426 io.
338 1377 398 1442 quid
408 1382 467 1425 ante
479 1376 621 1427 Isocratem
632 1401 666 1414 —-
677 1381 770 1427 clarum
782 1380 808 1426 in
819 1378 983 1427 oratoribus?
998 1377 1017 1440 s
1018 1381 1049 1427 ui
1054 1385 1065 1427 t
1085 1382 1119 1429 id
1136 1379 1162 1429 ad

344 1448 454 1491 artalmn
465 1469 507 1491 -.
531 1445 564 1493 M.

224 1505 270 1566 17,
284 1504 311 1564 5.
335 1509 420 1559 Huius
432 1525 493 1574 erpo
505 1513 546 1561 rai
555 1512 668 1562 cedentis
679 1513 704 1560 in
715 1513 839 1561 saeculum
850 1511 882 1560 M.

224 1572 261 1623 ib.
274 1576 290 1636 §
302 1570 328 1632 6.
352 1581 379 1625 ut
387 1579 471 1640 primo
483 1579 520 1628 ad
529 1579 716 1644 consequendos
729 1593 855 1644 quosque
867 1582 968 1641 priores
980 1580 1092 1629 ducimur
1105 1587 1135 1631 at

155 1641 316 1695 accendimur
327 1668 368 1691 —.
393 1645 430 1693 lla
441 1645 600 1695 scribendum
611 1646 721 1704 videtur,
739 1653 871 1710 propterea
889 1645 956 1708 quod
971 1647 997 1694 in
1013 1645 1061 1694 hac
1071 1663 1099 1696 re
1116 1664 1146 1696 no

158 1709 967 1844 ‘⁸‘illitis.titinitiliis-limittit
980 1713 1148 1830 inu...

157 1851 182 1893 et
193 1857 216 1892 s.
231 1841 296 1892 1837
308 1843 421 1893 Halmius
435 1853 459 1893 et
471 1860 538 1894 nuno
549 1797 714 1909 Bernaysng,
734 1847 807 1895 sicuti
819 1846 880 1895 olim
889 1847 1007 1895 Heinsius
1020 1853 1156 1897 enitcamue.

222 1906 272 1968 18,
285 1907 310 1964 1Ι
333 1911 450 1973 pluribus
462 1915 545 1962 artis
557 1916 772 1978 eloquentiaeque
791 1928 862 1978 quarn
874 1917 991 1962 uniuersa
1004 1914 1126 1973 Graecia,

156 1977 227 2027 ribus
237 1977 323 2041 floruit
335 1978 400 2026 coni.
413 1978 443 2026 H.
456 1978 518 2027 Keil.
539 1977 611 2029 1843.
631 1979 656 2027 in
676 1978 739 2027 thesi
751 1978 808 2027 XII.
828 1979 938 2028 subiecta
950 1980 1088 2030 Observutt.
1109 1982 1154 2030 orit

157 2045 204 2095 Pro
225 2051 269 2094 ert.

205 2060 273 2169 p18,
287 2106 316 2165 2.
341 2114 509 2161 existimatum
520 2110 643 2177 urbesque
655 2118 681 2161 et
692 2115 718 2161 in
730 2111 810 2161 Italia
821 2116 907 2162 talium
918 2115 1054 2164 studiorum
1064 2115 1138 2176 fraere

156 2181 226 2228 riles.
251 2177 310 2226 Nisi
324 2177 422 2228 Thebas
437 2195 509 2228 unum
526 2194 555 2229 os
566 2180 677 2228 Pindari
692 2180 850 2229 inluminaret
868 2180 936 2243 (nam
947 2181 1071 2230 Alcmana
1082 2183 1107 2230 L

155 2246 223 2310 falso
235 2243 285 2294 sibi
294 2242 442 2309 vindicant.)
455 2280 544 2294 .....
556 2253 584 2295 ut
596 2245 660 2295 desit
672 2246 789 2311 epodosis
802 2261 852 2310 que
864 2248 954 2297 dixerit
964 2247 1076 2296 Velleius
1088 2248 1162 2298 futur!

157 2312 250 2370 inisse,
264 2318 293 2360 ut
305 2312 417 2361 civitates
429 2312 487 2361 iliae
499 2313 567 2362 omni
579 2312 715 2363 litterarum
726 2312 801 2364 lande
813 2322 932 2364 carerent.
957 2315 990 2363 M.

224 2375 304 2430 hili.
318 2376 375 2438 ll,
392 2377 421 2438 1,
436 2375 463 2435 5.
494 2380 637 2429 Assentitur
654 2379 715 2429 mihi
732 2381 765 2430 M.
785 2381 908 2431 advoces
925 2397 974 2432 non
991 2382 1162 2432 recusandas

155 2461 264 2512 poenam
277 2461 323 2496 neo
335 2446 403 2497 aliud
415 2447 551 2510 quidquam
563 2447 707 2497 addendum
719 2463 788 2508 esse3
801 2449 895 2498 scilicet
906 2447 1058 2511 intellegitur
1069 2448 1162 2498 Mencin

158 2528 208 2564 non
220 2528 352 2564 recusasse
363 2515 390 2564 id
401 2529 433 2563 ne
444 2513 522 2573 fleret,
537 2515 605 2578 quod
616 2514 709 2565 iscium
722 2523 768 2565 est.
794 2515 909 2566 ceterum
922 2514 954 2562 of.
967 2515 1025 2563 Teo.
1038 2515 1105 2565 Anu.
1120 2511 1162 2574 IL!

157 2583 195 2632 illi
205 2583 332 2658 supplices
342 2582 405 2631 nihil
415 2582 545 2632 abnuendo
556 2587 652 2631 ueniam
663 2586 766 2632 omnium
778 2595 909 2644 accepere.

247 2647 286 2697 rb.
312 2648 434 2707 Quoniam
445 2648 507 2697 miro
520 2661 580 2697 sone
597 2648 672 2697 modo
690 2647 814 2697 Samnites
833 2648 875 2710 qui
891 2647 923 2696 sd
941 2646 1062 2697 Gaudium
1074 2651 1162 2699 Romus

158 2716 229 2778 gram
241 2714 363 2764 dedecore
374 2714 524 2771 effecerunt,
544 2713 648 2764 Caudini
659 2714 829 2779 appellantur,
848 2713 941 2764 mavult
954 2730 985 2763 ex
997 2714 1162 2767 antecedentis

159 2781 244 2831 hostes
256 2782 400 2846 intellegere
412 2789 436 2830 et
449 2781 530 2831 Caudi
540 2782 648 2831 scribere
658 2782 692 2830 M.

226 2845 253 2907 2,
267 2843 295 2904 2.
317 2852 483 2912 promulpatis
494 2849 606 2912 uprariis
617 2847 714 2912 lenibus
726 2863 810 2898 omne
828 2850 875 2899 ius
884 2850 1003 2916 fasque
1021 2854 1162 2902 concutit

158 2915 363 2974 titaneumma
376 2917 428 2965 imis
440 2917 544 2964 miscuit.
569 2915 597 2964 B.
622 2915 732 2965 omnibus
743 2921 792 2964 tum
804 2918 1042 2982 conquiescentibus.
1065 2920 1098 2969 M.

226 2980 256 3041 3,
270 2978 299 3038 2·
328 2982 386 3032 Tum
403 2983 497 3045 optima
513 2988 616 3032 serratus
633 2988 708 3048 atque
731 2985 856 3048 equestris
878 2986 974 3035 ordinis
989 3000 1055 3048 pars
1071 2989 1156 3036 melior

101 3071 105 3075 ’
159 3048 294 3101 maior-M.
323 3049 381 3100 iiim
394 3046 547 3114 [optimates]
558 3056 661 3100 senatus
673 3065 757 3115 aequa
770 3055 936 3117 etequestris
948 3050 1005 3102 ard.
1018 3053 1048 3101 H.

227 3114 253 3175 5,
267 3110 295 3171 2·
320 3132 370 3167 non
382 3118 519 3166 deterritus
531 3122 569 3165 est
578 3119 721 3181 proposito.
744 3119 942 3168 Perseverantia
953 3119 1022 3168 ducis
1034 3135 1104 3184 quem
1116 3143 1155 3164 -.

228 3179 257 3242 6,
271 3177 299 3238 2.
324 3199 377 3234 cum
386 3199 479 3234 summa
491 3185 572 3249 quiete
584 3186 734 3234 unanimis
745 3187 853 3235 ciuitatis
863 3191 984 3248 princeps
996 3199 1051 3234 esse
1059 3191 1157 3249 posset.

259 3248 297 3299 is.
321 3253 393 3315 lonpe
410 3253 509 3300 maiore
527 3256 598 3301 orte
610 3253 719 3314 priora
730 3258 856 3316 repetens.
869 3251 898 3300 B.

229 3314 257 3376 7,
271 3315 297 3375 3.
321 3317 371 3367 Rei
387 3324 473 3367 tantae
483 3333 574 3380 parum
591 3319 627 3367 nd
642 3320 754 3368 notitiam
765 3321 899 3382 pertinens
916 3321 1093 3382 interponatur
1108 3318 1162 3366 nac

160 3383 200 3434 tte
215 3390 255 3434 est
273 3382 382 3448 Opimius
393 3409 435 3434 —.
460 3385 508 3433 nisi
524 3385 602 3435 laec
619 3384 736 3444 addatur,
756 3386 845 3435 durum
863 3385 909 3434 erit
925 3400 977 3434 rem
993 3382 1148 3448 intellegam
