2340 3946
163 233 205 296 38
433 234 474 293 Μ.
496 235 637 294 VELLEI
656 234 873 296 carducum

163 396 226 448 tum
242 385 371 461 primum
387 384 467 447 lacta
481 393 530 447 est
550 385 764 462 stipendiaria;
790 390 860 448 finis
882 388 990 465 imperi
1004 390 1073 466 regi
1088 399 1143 451 ter·

163 472 295 530 minatus
309 471 464 530 muenia

133 565 149 617 1
248 553 410 614 XXXVlll.
441 554 530 615 Haud
544 554 710 616 absurdum
729 555 851 616 videtur
870 557 1024 632 propositi
1041 559 1144 633 operis

164 638 290 713 regulae
304 637 412 712 paucis
427 654 621 715 percurrere,
646 655 725 715 quae
740 639 891 716 cuiusque
905 641 1000 701 ductu
1015 656 1096 717 gens
1112 657 1144 702 ac

164 722 246 784 natio
257 722 382 782 redacta
396 721 427 781 in
441 722 600 784 formulam
616 723 792 798 provinciae
804 725 968 799 [stipendia
979 729 1085 800 pacta]
1098 725 1143 800 sit,

163 813 197 866 ut
215 821 294 882 quae
309 806 446 880 partibus
462 807 650 882 notavimus,
671 806 790 868 facilius
805 809 895 869 simul
909 809 1059 870 universa
1074 826 1142 870 con-

132 899 149 952 2
165 891 243 965 spici
254 890 386 965 possint.
405 890 522 950 Primus
537 889 568 949 in
582 889 715 951 Siciliam
726 892 843 952 traiecit
854 893 1022 969 exercitum
1035 894 1140 954 consul

166 974 388 1046 claudius,sed
397 973 584 1048 provinciam
600 989 666 1035 eam
683 982 755 1050 post
768 991 866 1036 annos
881 975 977 1036 ierme
993 976 1140 1052 quinqua·

164 1057 246 1134 ginta
261 1058 340 1119 duos
355 1057 453 1132 captis
469 1057 634 1134 Syracusis
650 1059 720 1119 lecit
730 1058 892 1120 Marcellus
905 1059 1066 1131 Claudius3
1083 1059 1139 1136 pn‘·

163 1159 233 1203 mus
256 1141 392 1201 Africam
417 1142 554 1215 Regulus
582 1158 664 1203 nono
693 1142 788 1202 ferme
817 1159 898 1204 anno
926 1142 1015 1218 primi
1040 1142 1138 1204 Punici

163 1225 235 1285 belli
251 1224 306 1298 **,
334 1224 390 1284 sed
407 1232 478 1299 post
493 1232 613 1285 centum
628 1233 657 1285 et
677 1241 787 1286 novem
802 1243 901 1288 annos
914 1224 947 1285 P.
963 1225 1069 1301 Scipio
1084 1229 1138 1286 Ae-

163 1310 305 1369 milianus
327 1316 412 1369 cruta
428 1308 607 1384 Carthagine
627 1309 738 1369 abhinc
758 1325 857 1370 annos
879 1318 1000 1371 centum
1017 1319 1137 1387 septua·

131 1398 148 1451 3
162 1394 245 1466 ginta
266 1391 320 1450 tris
334 1392 470 1452 Alricam
489 1392 520 1452 in
541 1394 701 1454 formulam
716 1394 834 1468 redegit
847 1393 1036 1468 provinciae.
1072 1393 1137 1454 Sar

164 1474 247 1534 dinia
267 1475 344 1534 inter
365 1476 495 1550 primum
516 1484 546 1537 et
567 1478 735 1538 secundum
755 1476 866 1537 bellum
881 1477 1027 1537 Punicum
1049 1478 1137 1539 ductu

161 1561 194 1618 T.
209 1557 302 1618 Manli
322 1562 459 1621 consulis
480 1569 594 1622 certum
608 1562 725 1637 recepit
738 1561 846 1635 imperi
860 1561 975 1641 iugum.
1008 1560 1137 1622 Immune

162 1642 290 1703 bellicae
307 1642 435 1704 civitatis
457 1654 682 1720 argumentum,
704 1644 788 1719 quod
809 1645 905 1705 semol
926 1644 984 1706 sub
1005 1646 1136 1720 regibus,

163 1727 270 1786 iterum
295 1726 355 1787 hoc
374 1729 407 1787 T.
429 1728 541 1788 Manlio
562 1729 703 1802 consule,
729 1728 816 1790 tertio
836 1728 977 1804 Augusto
1001 1729 1136 1805 principe

163 1816 265 1869 certae
286 1811 373 1884 pacis
394 1818 604 1885 argumentum
625 1813 716 1870 lanus
742 1813 880 1886 geminus
902 1815 1025 1873 clausus
1048 1813 1135 1872 dedit.

75 1929 77 1932 <
130 1893 195 1954 lin
211 1892 390 1967 Hispaniam
412 1895 500 1967 primi
523 1896 655 1954 omnium
677 1894 795 1954 duxere
815 1897 968 1956 exercitus
990 1896 1043 1956 Cn.
1065 1905 1096 1957 et
1109 1895 1135 1954 P.

163 1975 325 2050 Scipiones
341 1976 424 2036 initio
439 1976 568 2037 secundi
583 1977 653 2036 belli
665 1976 771 2037 Punici
785 1979 896 2039 abhinc
911 1995 1009 2041 annos
1025 1981 1134 2040 ducen-

161 2066 211 2119 tos
230 2058 463 2134 quinquaginta
489 2061 561 2120 inde
580 2061 664 2121 varic
685 2076 836 2136 possessa
856 2069 886 2122 et
907 2070 1003 2137 saepe
1024 2064 1135 2124 amissa

147 2142 314 2216 partibus,
339 2142 485 2203 universa
504 2143 597 2204 ductu
611 2144 742 2220 Augusti
762 2145 842 2205 iacta
863 2145 1062 2220 stipendiaria
1083 2154 1135 2207 est.

128 2224 370 2288 aMaoed'oniam
390 2225 518 2301 Paulus,
539 2227 702 2290 Mummius
717 2227 877 2303 Achaiam,
898 2229 1025 2291 Fulvius
1046 2231 1135 2291 Nobi·

160 2309 217 2369 lior
233 2307 353 2383 subegit
366 2311 532 2381 Aetoliam
557 2312 664 2373 Asiam
684 2312 717 2371 L.
736 2308 855 2388 Scipio,
876 2313 1014 2374 Africani
1036 2315 1135 2389 frater,

160 2392 445 2466 cripuitAntioch03
460 2396 517 2455 sed
527 2395 677 2458 beneflcio
689 2402 815 2456 sanatus
828 2399 998 2473 populique
1008 2398 1136 2460 Romani

161 2492 233 2536 mox
253 2477 291 2536 ab
311 2477 421 2537 Atulis
447 2493 627 2552 possessam
650 2479 775 2554 regibus
794 2478 835 2539 Μ.
850 2478 1019 2555 Perperna,
1047 2489 1135 2558 capto

129 2561 352 2633 christonico,
378 2561 450 2624 lecit
469 2562 665 2624 tributariam.
700 2563 791 2638 Cypri
812 2561 951 2623 devicue
972 2566 1064 2626 nullis
1083 2567 1135 2626 ad-

160 2643 311 2719 signanda
325 2646 421 2718 gloria
436 2655 499 2715 est;
522 2647 636 2722 quippe
651 2652 775 2706 senatus
792 2648 948 2722 consulto,
968 2650 1135 2710 ministerio

160 2726 298 2801 Catonis,
326 2728 408 2802 regis
434 2738 545 2804 morte,
571 2744 662 2804 quam
686 2729 736 2787 ille
761 2728 950 2791 conscientia
975 2733 1135 2807 acciverat,

159 2811 240 2871 lacta
254 2810 414 2885 provincia
425 2822 481 2875 est.
508 2813 595 2873 Creta
604 2812 715 2872 Metelli
727 2813 819 2873 ductu
834 2815 1032 2889 longissimae
1046 2817 1135 2877 liber·

158 2893 229 2954 tatis
244 2894 305 2954 fine
320 2898 443 2956 multata
456 2903 512 2957 est.
542 2895 632 2974 Syria
645 2895 823 2971 Pontusque
839 2897 890 2958 Cn.
901 2896 1027 2974 Pompei
1042 2901 1136 2962 virtu·

157 2978 197 3039 tis
212 2987 408 3040 monumenta
422 2986 501 3040 sunt.

127 3079 142 3131 1
238 3058 370 3123 XXXIX.
400 3061 529 3136 Gallias,
549 3062 679 3136 primum
700 3080 718 3123 a
737 3064 868 3126 Domitio
887 3063 1060 3139 Fabioque,
1083 3084 1135 3128 ne·

157 3153 231 3220 poto
245 3146 345 3220 Pauli,
370 3146 421 3221 qui
440 3145 657 3220 Allobrogicus
678 3157 806 3209 vocatus
828 3152 889 3221 est,
916 3144 1043 3208 intratas
1065 3166 1135 3211 cum

158 3231 308 3303 exercitu,
325 3245 435 3303 magna
448 3245 521 3290 mox
536 3230 624 3290 clade
639 3239 744 3292 nostra
759 3245 853 3306 saepe
867 3237 898 3290 et
911 3230 1135 3294 adfectavimus

157 3321 188 3372 et
202 3313 373 3382 omisimus;
396 3313 453 3372 sed
472 3312 726 3388 fulgentissimum
741 3315 772 3374 C.
787 3313 928 3375 caesaris
950 3320 1030 3390 opu's
1050 3316 1136 3379 iniis

158 3395 361 3473 conspicuum
392 3395 507 3472 quippe
536 3398 602 3459 eius
631 3399 724 3459 ductu
752 3397 959 3473 auspiciisque
985 3397 1136 3462 infractae

62 3556 66 3561 1
155 3494 256 3555 paene
270 3479 351 3539 idem
368 3481 450 3556 quod
465 3489 547 3543 totus
561 3490 709 3544 terrarum
724 3482 807 3542 orbis
823 3484 960 3558 mum
975 3483 1137 3546 conferunt
