2370 3946
136 218 181 282 aa
407 216 450 277 tu.
473 217 614 277 vntum
635 176 851 313 nnrnncunr

137 371 291 445 simulque
311 367 446 430 revocati
468 369 508 428 ad
529 369 577 429 ins
598 365 753 443 dignitatis
774 368 1024 445 proscriptorum
1035 369 1099 431 liber

138 462 168 515 et
181 461 338 529 praetura,
355 458 584 528 quaesturaque
597 451 726 511 mirabili
741 453 851 513 virtute
862 459 956 527 atquc
969 454 1099 515 industri

138 539 221 599 obita
240 538 271 598 in
290 536 454 612 Hispania,
482 552 550 596 oum
572 542 657 596 esset
677 543 822 609 quaestor
841 536 900 597 sub
920 538 1038 598 Vetere
1058 539 1099 600 Au

136 621 234 696 tistio,
250 637 309 682 avo
324 620 415 682 huius
430 619 551 681 Veteris
568 619 739 680 consularis
754 626 846 695 atque
860 620 1028 698 pontilicis,
1045 622 1099 684 duo

20 762 24 767 ,
136 721 203 767 rum
216 707 421 767 consularium
433 712 463 766 et
477 704 671 765 sacerdotum
683 703 788 778 patris,
803 703 860 763 viri
874 703 905 763 in
920 710 1037 766 tantum
1047 705 1099 767 bon

137 790 167 850 in
183 796 328 864 quantum
343 790 475 850 humana
490 788 668 863 simplicitas
682 787 815 862 intellegi
836 794 954 863 potest,
981 806 1044 864 quo
1063 804 1099 850 nc

136 873 215 934 tiora
228 881 316 947 sunt,
334 874 436 934 minus
452 879 542 946 egent
557 873 636 933 stilo.

107 967 121 1019 1
215 957 320 1017 XLlV.
342 958 410 1018 Hoc
424 954 515 1030 igitur
526 957 653 1017 consule
667 954 746 1017 inter
756 970 826 1016 eum
838 961 869 1016 et
880 955 1099 1033 CnPompeiutr

138 1048 168 1102 et
180 1039 221 1102 M.
235 1041 378 1102 Crassum
392 1041 465 1099 inita
480 1039 634 1115 potentiae
649 1039 794 1114 societas,
810 1055 891 1115 quae
905 1039 975 1102 urbi
989 1039 1099 1117 nrbiqrt

136 1133 284 1185 terrarum
304 1139 362 1184 nec
383 1124 483 1184 minus
498 1123 622 1184 diverso
638 1122 749 1197 cuique
765 1131 902 1198 ternpore
919 1124 999 1200 ipsis
1013 1124 1099 1186 exitia

105 1216 122 1268 2
136 1209 206 1270 bilis
222 1209 287 1269 luit.
314 1208 381 1268 Hoc
396 1206 557 1268 consilium
574 1207 725 1283 sequendi
739 1205 906 1283 Pompeius
920 1225 1048 1269 causam
1060 1208 1099 1269 ln

136 1292 253 1366 buerat,
267 1299 300 1353 ut
313 1292 435 1352 tandem
450 1298 519 1352 acta
532 1293 561 1352 in
577 1291 787 1353 transmarinis
802 1291 979 1367 provinciis,
996 1292 1099 1369 quibat

136 1381 170 1435 ut
189 1375 412 1451 praediximus,
432 1376 517 1436 multi
539 1376 762 1450 obtrectabant,
784 1392 840 1450 per
861 1375 1022 1437 Gaesarem
1043 1390 1099 1439 corr

136 1459 329 1520 firmarentur
343 1461 518 1531 consulem
537 1461 649 1521 caesar
664 1467 781 1534 autem,
796 1459 880 1534 quod
895 1461 1099 1522 animadverte

136 1541 189 1603 bat
203 1559 238 1603 se
253 1545 393 1606 cedendo
407 1544 534 1620 Pompei
554 1545 669 1620 gloriae
685 1551 843 1605 aucturum
858 1559 945 1605 suam
960 1553 992 1606 et
1003 1542 1099 1606 invidt

138 1629 306 1690 communis
320 1631 473 1705 potentiae
487 1629 517 1689 in
532 1630 615 1690 illurn
630 1630 766 1703 relegata
780 1628 1028 1690 confirmaturum
1043 1624 1099 1688 viri

137 1729 228 1785 suas3
254 1713 400 1788 Crassus,
421 1722 455 1775 ut
475 1729 565 1789 quem
586 1713 788 1788 principatum
803 1713 890 1772 solus
904 1712 1037 1788 adsequi
1053 1724 1099 1773 not

104 1798 264 1871 apoterat,
280 1799 458 1858 anctoritate
470 1795 605 1871 Pompei,
621 1795 737 1856 viribus
752 1802 870 1857 teneret
879 1795 1032 1857 Caesaris.
1051 1792 1099 1864 ad·

137 1879 237 1938 linitas
252 1879 342 1938 etiarn
357 1880 435 1938 inter
450 1879 612 1956 Caesarem
626 1877 868 1953 Pompeiumque
885 1885 1043 1942 contracta
1060 1892 1099 1939 nu·

138 1961 218 2036 ptiis,
236 1960 351 2037 qnippe
366 1961 459 2021 liliam
475 1961 505 2020 c.
515 1960 656 2021 Caesaris
672 1960 862 2035 cnntagnus
877 1962 965 2023 duxit
978 1974 1099 2026 uxorata

104 2047 169 2105 41n
189 2045 249 2105 hoc
271 2045 432 2105 consulatu
447 2043 561 2104 Caesar
579 2044 679 2118 legem
699 2044 779 2115 tulit,
801 2049 835 2103 ut
854 2058 927 2118 ager
942 2044 1099 2122 campan·

137 2128 238 2203 plebei
263 2128 463 2202 divideretur,
490 2142 621 2187 suasore
645 2127 723 2202 legis
743 2126 907 2202 Pompeio=
931 2127 973 2187 ita
998 2129 1099 2191 codic

137 2210 244 2284 uiginti
263 2210 345 2270 milia
366 2209 477 2270 civium
497 2226 535 2270 eo
558 2210 690 2272 deducta
711 2218 742 2272 et
760 2211 810 2273 ius
831 2210 869 2271 ab
882 2210 932 2272 his
945 2214 1099 2275 restituto!

137 2300 209 2369 post
223 2309 321 2354 annos
337 2292 457 2354 circiter
469 2301 589 2357 centum
602 2293 823 2372 quinquaginta
833 2294 914 2356 duos
928 2312 1019 2371 quam
1035 2292 1099 2358 bela

135 2376 250 2437 Punico
271 2377 309 2438 ab
329 2377 476 2440 Romanis
498 2379 603 2456 capua
627 2379 657 2438 in
682 2381 810 2442 formam
835 2381 1048 2456 praefecturae
1065 2390 1099 2441 ra

105 2465 122 2517 5
137 2461 227 2522 dacto
241 2467 315 2523 erat
344 2462 489 2538 Bibulus,
506 2466 624 2540 collega
639 2464 794 2538 Caesaris,
813 2480 882 2525 cum
896 2463 1034 2525 actiones
1048 2462 1099 2524 du

136 2547 234 2621 magis
254 2547 347 2609 vellet
364 2548 514 2623 impedire
536 2563 627 2623 quam
648 2556 770 2622 posset,
799 2547 914 2608 maiore
936 2555 1025 2623 parte
1044 2540 1099 2608 anti

136 2629 219 2690 domi
239 2646 275 2691 se
293 2632 404 2700 tenuit;
429 2646 490 2706 quo
505 2633 585 2692 lacto
601 2632 674 2691 durn
688 2647 802 2706 augere
815 2633 881 2692 vult
893 2631 1037 2692 invidiam
1053 2628 1099 2693 ool

136 2715 238 2787 lagae,
259 2716 344 2774 auxit
363 2715 538 2789 potentiam.
570 2713 645 2773 'lum
667 2715 790 2776 Caesari
812 2715 954 2776 decretae
974 2716 1006 2775 in
1027 2714 1099 2792 quie

137 2796 303 2870 quennium
317 2797 440 2856 Galliae.
1089 2864 1092 2871 ,

106 2887 121 2939 1
217 2878 308 2939 XLV.
337 2880 395 2940 Per
415 2881 497 2940 idem
517 2887 640 2956 tempus
659 2879 692 2939 P.
715 2882 852 2958 Clodius,
878 2881 971 2944 homo
992 2880 1099 2951 nobilia

137 2963 279 3040 disertus,
295 2965 406 3038 audax,
428 2964 481 3040 qui
497 2979 598 3041 neque
612 2965 734 3026 dicendi
748 2981 850 3041 neque
864 2965 997 3027 faciendi
1012 2967 1099 3036 ullust

135 3046 195 3110 nisi
211 3064 300 3124 quem
315 3049 421 3122 vellet,
441 3056 549 3110 nosset
562 3050 701 3126 modum,
722 3052 871 3112 malorum
884 3050 1099 3126 propositorut

135 3142 284 3196 executor
297 3131 473 3207 acerrimus,
488 3133 608 3195 inlamis
623 3135 713 3215 etiarn
728 3135 845 3196 sororis
861 3142 968 3209 stupro
984 3144 1015 3197 et
1029 3143 1099 3196 actu

136 3217 245 3278 incesti
265 3233 337 3279 reus
353 3217 393 3279 ob
408 3216 514 3278 initum
529 3219 607 3279 inter
618 3216 851 3294 religiosissima
865 3219 972 3294 populi
984 3219 1099 3282 Ronrart

136 3316 225 3362 sacra
239 3301 428 3377 adulterium,
445 3317 514 3363 cum
529 3303 632 3378 gravis
646 3300 817 3364 inimicitias
833 3318 902 3363 oum
915 3301 955 3362 ll.
969 3301 1099 3365 ciceron

137 3393 294 3446 exerceret
317 3386 406 3462 (quid
427 3387 508 3447 enim
527 3386 605 3448 inter
624 3392 687 3446 tam
707 3385 864 3447 dissimilis
889 3386 1019 3447 amicum
1045 3400 1099 3449 aaa

135 3472 289 3542 poteratt)
310 3477 340 3530 et
359 3486 377 3530 a
397 3469 536 3548 patribus
556 3470 597 3531 ad
617 3469 739 3547 plebem
758 3470 935 3547 transisset,
961 3470 1063 3546 legem
1085 3469 1099 3531 l
