2340 3946
244 243 453 306 HISTORIAE
473 242 666 304 ROMANAE
686 242 729 317 11,
750 249 793 304 28.
816 319 823 326 ἢ
966 238 1008 306 31

28 394 251 457 Novembribus
266 396 308 457 ita
322 396 361 456 ad
376 403 494 471 portam
503 396 648 457 collinam
663 411 732 457 cum
747 396 833 457 Sulla
847 396 1009 472 dimicavit,

28 487 61 541 ut
75 480 116 540 ad
131 495 282 540 summum
306 479 468 540 discrimen
484 487 515 540 et
528 494 596 539 eum
616 486 647 539 et
664 479 882 554 rempublicam
896 482 1009 556 perdu-

30 569 126 634 ceret,
150 578 230 637 quae
250 579 313 624 non
334 563 432 624 maius
455 562 623 654 periculum
645 563 719 623 adiit
731 563 910 625 Hannibalis
931 563 1010 626 intra

29 646 149 707 tertium
169 645 327 705 miliarium
349 654 450 708 castra
470 647 665 722 conspicata,
689 662 780 721 quam
800 663 837 708 eo
858 647 923 723 die,
947 663 1008 724 quo

32 729 257 790 circumvolans
273 730 397 790 ordines
412 731 564 791 exercitus
580 729 792 791 suiTeleslnus
805 730 1009 807 dictitansque

28 813 142 873 adesse
155 813 302 874 Romanis
328 815 464 874 ultimum
489 814 569 874 diem
595 812 821 875 vociferabatur
843 815 1009 875 eruendam

29 897 253 972 delendamque
264 897 387 971 urbem,
405 896 552 957 adiiciens
566 914 722 972 nunquam
734 898 892 958 defuturos
905 906 1008 972 rapto-

27 994 79 1039 res
102 980 225 1040 Italicae
245 980 391 1042 libertatis
410 982 517 1055 lupos,
540 981 599 1042 nisi
620 982 698 1042 silva
717 981 747 1040 in
764 997 854 1057 quam
868 982 1009 1055 refugere

28 1065 146 1138 solent,
161 1072 245 1125 esset
258 1066 374 1125 excisa.
392 1064 466 1125 Post
475 1065 602 1140 primam
614 1065 734 1124 demum
749 1065 854 1125 horam
867 1066 966 1126 noctis
980 1071 1039 1130 eta

25 1145 168 1209 Romana
192 1148 275 1208 acies
299 1149 476 1223 respiravit,
502 1155 532 1208 et
556 1148 689 1208 bostium
711 1150 814 1210 cessit.
849 1147 1008 1209 Telesinus

25 1238 155 1305 postera
169 1232 219 1292 die
244 1232 429 1292 semianimis
444 1239 585 1308 repertus
601 1238 649 1291 est
662 1233 787 1293 victoris
803 1232 900 1307 magis
916 1248 1008 1307 quarn

23 1315 186 1376 morientis
202 1317 316 1376 vultum
332 1317 526 1392 praeferens,
547 1316 633 1376 cuius
658 1315 814 1376 abscisum
830 1316 1008 1391 caputferri

23 1399 209 1473 gestarique
224 1399 305 1459 circa
316 1400 483 1460 Praeneste
495 1399 581 1460 Sulla
595 1399 693 1460 iussit.
731 1400 805 1459 Tum
824 1400 944 1459 demum
956 1400 1031 1459 ded

20 1481 161 1557 speratis
172 1484 265 1552 rebus
281 1482 508 1544 suisc.ltlarius
521 1483 704 1543 adulescens
717 1498 773 1557 per
785 1483 943 1544 cuniculos
956 1481 1010 1558 qui

19 1565 105 1626 miro
122 1582 217 1640 opere
239 1566 376 1626 fabricati
397 1567 427 1624 in
444 1566 583 1625 diversas
607 1581 749 1639 agrorum
765 1567 860 1639 partis
881 1567 1009 1638 fuerant,

20 1657 160 1709 conatus
175 1664 337 1723 erumpere
349 1665 417 1707 cum
430 1649 578 1708 foramine
590 1663 607 1706 e
619 1655 699 1707 terra
711 1647 901 1720 emersisset,
917 1650 1008 1709 adis·

17 1730 140 1806 positis
156 1730 186 1789 in
202 1731 347 1805 idipsum
364 1732 563 1806 interemptus
580 1738 636 1791 est.
665 1729 743 1791 Sunt
764 1730 816 1805 qui
837 1747 894 1790 sua
907 1747 1008 1806 manu,

16 1821 101 1877 sunt
116 1813 169 1888 qui
186 1821 415 1875 concurrentem
431 1816 543 1876 mutuis
564 1813 675 1874 ictibus
696 1830 765 1875 cum
784 1814 901 1875 minora
917 1814 1009 1875 tratre

15 1894 159 1958 Telesini
180 1914 240 1957 una
264 1897 395 1958 obsesso
410 1906 441 1958 ct
462 1906 639 1973 erumpente
659 1896 843 1958 occubuisse
864 1898 1008 1972 prodide-

16 1982 95 2042 rint.
124 1981 287 2056 Utcunque
299 1982 422 2056 cecidit,
438 1982 593 2057 hodieque
603 1987 686 2041 tanta
698 1981 791 2057 patris
803 1981 934 2055 imagine
945 1987 1038 2042 nont

18 2064 213 2127 obscuratur
227 2066 294 2126 eius
309 2067 465 2127 memoria.
499 2067 544 2126 De
560 2082 621 2139 quo
635 2066 747 2126 iuvene
764 2065 837 2139 quid
853 2063 1007 2124 existima·
1095 2068 1097 2075 ’

16 2149 107 2209 verit
114 2147 206 2221 Sulla,
222 2149 252 2208 in
267 2157 410 2225 promptu
424 2156 486 2217 est;
503 2150 607 2211 occiso
622 2149 701 2208 enim
714 2150 835 2208 demum
847 2163 884 2207 eo
898 2147 1008 2209 Felicis

18 2247 141 2294 nomen
156 2234 340 2308 adsumpsit,
358 2234 442 2307 quod
454 2233 576 2308 quidem
591 2240 775 2307 usurpasset
785 2233 966 2307 iustissime,
982 2232 1009 2292 si

22 2316 162 2377 eundem
182 2324 212 2377 et
225 2317 369 2376 vincendi
389 2322 419 2376 et
443 2316 566 2375 vivendi
588 2316 680 2375 linem
704 2317 873 2377 habuisset.
904 2313 1037 2391 oppa-5

22 2398 165 2474 gnationi
180 2399 460 2461 autemPraenestis
475 2415 511 2458 ac
521 2399 597 2457 Mari
613 2398 1008 2471 praefueratOlellaLucre·

22 2483 104 2557 tina,
120 2484 254 2558 quicum
271 2491 341 2543 ante
354 2483 557 2542 Marianarum
573 2478 682 2540 luisset
702 2484 848 2557 partium,
870 2482 1010 2555 proditor

26 2566 68 2626 ad
86 2565 202 2627 Sullam
224 2568 439 2642 transfugerat.
474 2566 659 2626 Felicitatem
674 2564 734 2623 diei
750 2581 813 2640 quo
829 2563 1037 2624 Samnitiumd

24 2648 223 2726 Telesinique
238 2652 346 2725 pulsus
362 2658 411 2711 est
424 2650 593 2723 exercitus,
610 2647 694 2708 Sulla
705 2654 856 2724 perpetua
867 2647 1008 2707 ludorum

28 2731 218 2794 Circensium
245 2735 408 2795 honoravit
435 2733 595 2805 memoria,
627 2732 679 2808 qui
707 2733 765 2793 sub
795 2731 861 2793 eius
886 2731 1009 2792 nomine

28 2813 197 2890 [Sullanae]
211 2819 366 2878 Victoriae
382 2818 580 2877 celebrantur.

69 2898 75 2909 '
113 2901 249 2962 XXVIII.
284 2901 378 2962 Paulo
387 2908 457 2961 ante
465 2917 557 2976 quarn
565 2900 696 2961 Sullaad
704 2898 1035 2974 Sacriportumdimi-1

29 2990 130 3059 caret,
144 2985 315 3059 magnificis
331 2985 456 3060 proeli1s
472 2985 600 3059 pardum
617 2984 682 3044 eius
699 2983 757 3043 viri
771 2984 903 3043 hostium
919 2996 1006 3040 exer·

30 3065 121 3127 citum
137 3069 292 3143 fuderant,
308 3069 369 3130 duo
387 3067 507 3129 Servilii
522 3068 604 3143 apud
616 3067 765 3140 Clusium,
780 3065 921 3125 Metellus
934 3063 1006 3122 Plus

31 3152 112 3225 apud
119 3151 312 3226 Faventiam,
327 3153 519 3212 M.Lucullus
530 3151 795 3211 circaFidentiam.
817 3148 1034 3210 Videbanturn

10 3262 15 3281 =
31 3231 115 3295 nnita
128 3235 202 3295 belli
216 3235 314 3296 civilis
326 3239 422 3310 mala,
438 3251 506 3295 cum
515 3235 618 3295 Sullae
630 3234 806 3294 crudelitate
819 3239 907 3293 aucta
921 3236 1005 3291 sunt=

10 3330 16 3389 ’ρ
32 3317 146 3394 puppe
162 3319 290 3380 dictator
305 3327 424 3380 creatus
445 3319 545 3393 (cuius
560 3318 686 3378 honoris
709 3317 867 3392 usurpatio
884 3331 939 3391 per
953 3331 1007 3373 an-

10 3402 15 3469 i
31 3412 88 3463 nos
103 3410 224 3462 centum
241 3411 271 3464 et
283 3403 390 3477 viginti
405 3402 595 3470 intermissa;
610 3417 680 3461 narn
695 3401 855 3475 proximus
871 3405 944 3475 post
954 3414 1007 3457 an·

31 3496 117 3560 nunt,
134 3503 227 3562 quam
233 3487 475 3547 Hanniballtalia
486 3490 678 3560 excesserat,
693 3485 737 3546 uti
750 3485 902 3560 adpareat
908 3497 1010 3555 popit-
