2370 3946
261 233 471 297 mesonma
492 232 685 296 suntuna
705 235 747 309 n,
768 241 812 297 sn
827 241 871 297 aa.
1011 232 1053 297 ss

75 391 143 466 peio
158 395 189 449 et
204 386 236 448 c.
252 387 376 448 Caesari
391 387 571 462 contigerat)
592 402 648 461 pro
664 393 806 460 praetore
820 405 882 448 una
897 404 966 449 curn
981 404 1053 451 con·

79 471 191 535 salibus
212 467 381 546 designatis
402 470 498 532 Histio
519 476 549 531 et
568 466 670 530 Pansa
692 470 803 530 bellum
830 487 898 532 cum
918 473 1053 534 Antonio

82 572 179 631 gerere
203 553 304 616 iussit.
339 554 401 627 [ld]
423 552 461 613 ab
485 568 523 613 eo
543 569 655 613 annum
669 559 779 627 agente
799 553 977 616 vicesimum
993 557 1083 618 lor-l

86 640 191 701 tlssime
212 638 295 698 circa
314 636 460 698 Mutinam
486 637 727 697 administratum
754 644 802 698 est
828 645 858 698 et
883 639 919 699 D.
940 640 1053 701 Brutus

68 768 70 773 -
89 722 241 784 obsidione
255 720 416 793 liberatus,
431 720 584 781 Antonius
597 719 679 795 turpi
694 735 730 779 ac
744 720 828 781 nuda
842 722 914 795 luga
929 732 1054 786 coaetus

68 850 70 863 .
89 806 218 866 deserere
230 803 363 878 ltaliam,
385 804 546 864 consulum
558 812 658 865 autem
670 805 746 864 aller
757 803 787 863 in
801 803 882 878 acie,
898 805 973 866 alter
984 814 1056 882 post

68 880 71 893 '
91 905 192 964 paucos
208 887 276 948 dies
291 902 331 947 ex
345 889 472 947 vulnere
486 894 613 947 mortem
629 887 712 947 obiit.

158 971 246 1033 LXII.
289 969 397 1032 Omnia
416 976 486 1030 ante
502 987 593 1045 quam
609 971 764 1044 fugaretur
776 971 943 1046 Antonius,
959 971 1082 1036 bono—1

91 1055 160 1118 rillce
184 1073 205 1116 a
219 1062 330 1116 senatu
353 1055 384 1114 in
399 1052 563 1114 Caesarem
587 1055 817 1128 exercitumque
844 1054 909 1115 eius
932 1055 1055 1116 decreta

92 1148 160 1213 suut,
184 1137 320 1199 maxime
344 1144 470 1198 auctore
485 1137 646 1206 Cicerone3
667 1138 725 1197 sed
744 1145 777 1198 ut
797 1140 927 1199 recessit
947 1145 1055 1214 metus,

93 1224 175 1300 erupit
193 1224 339 1284 voluntas
359 1221 562 1296 protinusque
582 1221 776 1296 Pompeianis
804 1223 941 1296 partibus
966 1222 1057 1283 rediit

93 1307 205 1368 unimus.
234 1305 330 1367 Bruto
351 1305 522 1381 Cassioque
536 1305 727 1381 provinciae,
745 1322 821 1381 quas
840 1306 900 1366 lam
913 1307 974 1382 ipsi
989 1306 1084 1368 sinen

92 1390 139 1453 olo
158 1396 286 1451 senatus
311 1389 451 1450 consulto
478 1396 718 1465 occupaverunt,
746 1390 903 1464 decretae,
931 1390 1056 1465 laudati,

94 1472 310 1549 quicunquehis
317 1488 352 1532 se
359 1471 510 1534 exercitus
519 1472 727 1545 tradidissent,
742 1475 844 1533 omnia
856 1475 1057 1536 transmarina

92 1555 203 1633 inperia
224 1571 331 1619 eorum
351 1556 516 1617 commissa
539 1556 670 1616 arbitrio.
707 1554 825 1630 Quippe
845 1557 885 1616 M.
900 1559 1013 1619 Brutus
1028 1565 1084 1619 ete

94 1638 261 1716 Icassius,
277 1656 359 1700 nunc
373 1646 542 1701 metuentes
557 1640 776 1710 nrmaAntoni,
793 1654 874 1698 nunc
889 1640 926 1698 ad
944 1656 1056 1714 augen-

93 1722 148 1785 dum
161 1725 229 1784 eius
251 1723 397 1784 invidiam
417 1725 593 1784 simulantes
615 1739 650 1782 se
663 1729 813 1795 metuere,
834 1724 935 1783 testati
949 1723 1056 1784 edictis

93 1805 207 1870 libenter
217 1822 253 1867 se
263 1808 314 1868 vel
324 1807 355 1867 in
368 1815 517 1882 perpetuo
529 1807 620 1868 exilio
632 1807 784 1877 victuros,
797 1806 869 1866 dum
880 1807 1056 1882 respublica

94 1897 236 1953 constaret
248 1897 279 1952 et
292 1892 474 1964 concordla,
489 1907 547 1951 nec
561 1892 653 1952 ullam
665 1890 737 1950 belli
752 1889 850 1950 civilis
864 1891 1057 1966 praebituros

93 1975 252 2046 noeman,
266 1975 428 2050 plurimum
443 1974 501 2035 sibi
515 1974 642 2035 honoris
655 1990 728 2035 esse
742 1975 772 2035 in
787 1974 973 2036 conscientia
988 1974 1058 2034 lacti

93 2059 140 2132 sui,
157 2059 290 2134 profecti
305 2058 382 2118 urbe
396 2065 488 2133 atque
502 2057 588 2118 ltalia
601 2059 715 2120 intento
731 2073 767 2118 uo
789 2059 854 2133 pari
876 2058 977 2118 enlmo
993 2058 1060 2118 sine

94 2144 261 2204 auctoritate
276 2141 398 2217 publica
408 2142 585 2218 provincias
597 2143 812 2217 exercitusque
823 2149 1059 2217 occupaverant,

95 2226 298 2301 etubieunque
311 2226 372 2300 ipsi
386 2231 505 2299 essent,
522 2233 736 2299 praetexentes
747 2242 818 2287 esse
832 2226 1060 2302 rempublicam,

93 2311 229 2380 pamulae
244 2309 350 2382 edam,
367 2325 447 2385 quae
461 2325 501 2369 ex
521 2308 731 2369 transmarinis
752 2310 919 2384 provinciis
935 2311 1062 2371 Romam

94 2392 123 2452 ab
137 2391 354 2468 quaestoribus
369 2393 624 2467 deportabantur,
647 2408 666 2451 a
680 2393 852 2452 volentibus
868 2399 1061 2468 acceperant.

94 2475 165 2548 [luae
187 2477 292 2537 omnia
309 2484 435 2539 senatus
457 2476 588 2536 decretis
609 2490 794 2549 comprensa
815 2481 845 2534 et
865 2476 1091 2551 comprobatae

94 2568 152 2622 sont
166 2568 199 2622 et
211 2560 248 2622 Ι).
262 2559 374 2635 Bruto,
390 2560 476 2637 quod
491 2560 590 2620 alieno
606 2558 757 2620 beneficio
771 2559 903 2632 viveret,
920 2558 1063 2618 decretus

92 2643 271 2720 biumphus3
292 2641 414 2705 Pansae
428 2651 520 2719 atque
530 2642 607 2704 Hirti
622 2658 754 2718 corpora
768 2641 892 2718 publica
906 2641 1064 2717 sepultura

91 2722 252 2789 honoratae
279 2725 421 2789 (laesarIs
446 2729 525 2789 adeo
541 2728 625 2789 nulla
639 2727 742 2787 habita
764 2726 895 2800 mentIo,
922 2733 954 2787 ul
974 2722 1065 2800 legati

91 2811 135 2884 qul
144 2811 187 2871 ad
199 2813 367 2872 exercitum
379 2811 446 2874 clus
461 2810 548 2872 missi
560 2819 660 2886 erant,
676 2810 853 2871 iuberentur
862 2817 1015 2872 summoto
1027 2823 1065 2869 eo

89 2893 193 2955 milites
205 2895 342 2969 adloqui.
377 2894 445 2956 Nou
465 2895 521 2955 luit
540 2901 600 2955 tarn
622 2895 758 2969 ingratus
778 2895 949 2967 exercitus,
973 2910 1094 2968 quam5

68 2976 70 3027 ἱ
89 2976 331 3040 lucrassenatus2
346 2993 416 3038 narn
426 2993 494 3037 cum
502 2993 568 3037 eam
576 2977 715 3039 iniuriam
723 2977 945 3040 dIssimulaudo
955 2977 1067 3037 Caesar

87 3059 193 3137 latret,
207 3076 362 3137 negavere
375 3061 486 3121 milltes
503 3060 571 3122 sine
582 3062 767 3137 imperatore
782 3077 839 3121 suo
854 3063 916 3121 ulla
933 3076 968 3119 se
982 3059 1067 3119 audi-

86 3150 169 3208 luros
193 3145 348 3206 mandata.
381 3145 450 3205 Hoc
470 3150 519 3204 est
534 3145 609 3205 illud
626 3153 760 3220 tempus,
778 3161 839 3220 quo
857 3144 963 3205 cicero
978 3143 1097 3202 insitod

84 3244 190 3291 amore
208 3227 467 3304 Pompeianarum
488 3228 619 3302 partium
642 3229 805 3290 caesarem
829 3227 1015 3289 laudandum
1038 3233 1068 3285 et
1108 3269 1112 3274 -

82 3314 253 3377 tollendum
265 3311 421 3386 censebat,
430 3326 499 3372 cum
507 3312 589 3372 allud
597 3311 813 3386 diceretalIud
822 3312 955 3387 intellegi
967 3311 1068 3370 vellet.

166 3396 273 3458 LXIII.
315 3394 439 3456 Interim
457 3395 610 3456 Antonius
640 3395 714 3469 luga
743 3402 958 3471 transgressus
980 3391 1099 3469 AlpIsl

82 3481 184 3558 primo
199 3497 258 3558 per
271 3479 437 3556 conloquIa
451 3480 596 3555 repulsus
611 3496 630 3541 a
643 3477 683 3538 Μ.
698 3478 833 3554 Lepido,
848 3482 915 3556 (qui
929 3479 1068 3555 pontilex
1126 3503 1130 3509 ·

955 3659 1006 3703 s
