2340 3946
319 241 532 305 HISTORIAE
550 241 744 306 ROMANAE
764 244 793 316 1,
815 253 843 307 4·
1051 245 1071 307 3

86 401 156 475 Quo
172 394 297 457 nomine
311 394 414 456 mirari
425 395 572 456 convenit
587 412 659 468 eos,
677 393 730 472 qui
740 393 833 456 Iliaca
847 404 1071 474 componentes
1088 409 1107 462 2

86 492 231 556 tempora
242 481 282 540 de
298 496 336 542 ea
350 478 478 556 regione
492 487 527 540 ut
535 479 695 541 Thessalia
710 487 960 542 commemorant.
983 483 1074 557 Quod
1160 535 1167 541 .

89 583 161 628 cum
182 562 233 624 alii
249 562 379 636 faciant,
404 561 513 640 tragici
535 561 786 640 frequentissime
808 563 938 637 iaciunt,
960 567 1076 641 quibus

90 645 497 710 minime-idconcedendum
508 656 571 721 est;
584 647 657 709 nihil
668 647 748 709 enim
760 663 800 708 ex
808 654 1073 725 personapoetae,

91 735 150 796 sed
167 731 270 793 omnia
283 734 342 801 sub
357 748 481 804 eorum,
502 731 555 807 qui
571 732 624 794 illo
638 740 782 808 tempore
798 731 957 806 vixerunt,
972 733 1073 795 disse·

91 823 173 878 runt.
201 815 290 889 Quod
305 815 333 876 si
349 818 419 890 quis
433 814 628 888 aThessalo,
642 814 785 876 Herculis
800 815 882 888 filio,
898 833 953 878 eos
966 820 1073 894 appel-

89 905 173 962 latos
182 900 352 961 Thessalos
365 899 457 971 dicet,
469 900 628 960 reddenda
639 899 696 959 erit
708 899 737 960 ei
747 898 834 972 ratio,
849 918 904 961 cur
915 917 1073 976 nunquam

89 993 162 1046 ante
183 985 266 1044 hunc
285 983 500 1058 insequentem
521 984 704 1044 Thessalum
725 1000 762 1044 ea
786 999 863 1058 gens
884 984 915 1045 id
940 984 1073 1046 nominis

88 1066 297 1144 usurpaverit.
312 1068 407 1128 Paulo
420 1069 621 1140 anteAletes,
634 1076 743 1128 sextus
752 1068 791 1127 ab
797 1069 945 1142 Hercule,
955 1068 1073 1145 Hippo·
1088 1080 1106 1134 3

89 1152 131 1213 tis
146 1151 240 1223 filius,
258 1151 454 1223 Corinthum,
470 1167 552 1226 quae
569 1159 662 1212 antea
677 1152 777 1213 luerat
791 1150 921 1228 Ephire,
938 1155 1076 1214 claustra

89 1234 540 1311 Peloponnesi‘continentem,
554 1235 586 1296 in
596 1234 712 1297 Isthmo
728 1236 876 1297 condidit.
901 1238 1009 1311 Neque
1025 1242 1073 1298 est

91 1320 177 1395 quod
192 1318 338 1379 miremur
351 1321 390 1380 ab
407 1321 544 1380 Homero
561 1320 714 1381 nominari
729 1318 923 1394 Corinthum3
946 1337 1016 1380 nam
1033 1337 1073 1380 ex

89 1418 229 1478 persona
238 1407 352 1478 poetae
364 1411 395 1464 et
401 1402 481 1464 hanc
492 1403 602 1464 urbem
613 1411 644 1464 ct
656 1406 918 1479 quasdamlonum
931 1403 1076 1466 colonias

89 1487 127 1547 iis
149 1486 325 1547 nominibus
347 1488 500 1563 appellat,
521 1488 634 1561 quibus
654 1490 849 1549 vocabantur
869 1494 972 1549 aetate
994 1487 1071 1558 eius,
1150 1483 1152 1486 ⁴

90 1571 187 1631 multo
203 1578 277 1645 post
291 1569 378 1629 llium
393 1577 516 1645 captum
532 1570 686 1630 conditae.

118 1715 121 1718 ,
169 1656 222 1715 Ν.
264 1655 470 1714 Athenienses
496 1653 527 1712 in
548 1653 675 1713 Euboea
698 1652 842 1712 Chalcida
865 1659 895 1711 et
917 1652 1092 1725 Eretriam

84 1738 206 1798 colonis
231 1751 439 1811 occupavere,
464 1735 699 1796 Lacedaemonii
718 1736 747 1794 in
766 1734 843 1795 Asia
866 1735 1063 1810 Magnesiam.

82 1822 147 1880 Nee
159 1821 253 1879 multo
265 1818 575 1894 postchalcidenses‚
592 1818 663 1892 orti,
678 1826 712 1879 ut
718 1818 940 1894 praediximus,
955 1817 1066 1880 Atticis

81 1904 236 1978 Hippocle
257 1910 287 1963 et
300 1902 498 1977 Megasthene
519 1902 649 1962 ducibus
670 1901 780 1962 Cumas
801 1900 937 1963 initalia
958 1902 1063 1963 condi·

83 1988 202 2047 derunt.
225 1985 322 2046 Huius
334 1986 444 2046 classis
457 2002 579 2047 cursum
594 2001 665 2045 esse
681 1985 827 2046 directum
842 1985 892 2045 alii
904 1985 1065 2046 columbae

83 2069 292 2130 antecedentis
307 2069 412 2129 volatu
425 2070 540 2143 lerunt,
556 2069 607 2129 alii
621 2074 771 2130 nocturno
786 2069 866 2128 aeris
877 2084 972 2140 sono,
989 2085 1062 2143 qua-

82 2153 120 2212 lis
130 2150 305 2213 Cerealibus
318 2153 414 2212 sacris
428 2153 500 2214 cieri
513 2155 599 2213 solet.
625 2152 701 2212 Pars
712 2153 820 2212 horum
830 2153 941 2212 civium
951 2167 1062 2227 magno

83 2243 155 2310 post
167 2236 322 2296 intervallo
331 2236 489 2310 Neapolim
502 2236 646 2297 condidit.
676 2235 842 2311 Utriusque
854 2236 939 2296 urbis
952 2235 1063 2295 eximia
1074 2244 1093 2297 2

84 2334 208 2394 semper
223 2319 418 2379 inRomanos
433 2320 512 2379 fides
527 2321 599 2379 lacit
613 2335 666 2378 eas
683 2319 839 2380 nobilitate
854 2327 947 2394 atque
960 2334 1062 2380 amoe-

83 2402 175 2463 nitate
196 2417 252 2462 sua
273 2401 478 2476 dignissimas.
520 2401 583 2462 Sed
603 2400 662 2461 illis
685 2400 858 2475 diligentior
876 2405 953 2465 ritus
974 2403 1062 2477 patrii

82 2484 195 2545 mansit
219 2486 374 2560 custodia,
401 2484 554 2546 Cumanos
575 2483 656 2545 Osca
679 2485 805 2545 mutavit
828 2485 949 2544 vicinia.
978 2487 1061 2545 Viris

83 2576 184 2630 autem
195 2575 314 2629 veteres
326 2585 431 2631 earum
443 2569 561 2628 urbium
572 2567 726 2642 hodieque
741 2567 917 2642 magnitudo
931 2574 1063 2628 ostentat

82 2652 245 2713 moenium.
267 2651 473 2728 Subsequenti
485 2659 623 2727 tempore
634 2667 743 2726 magna
754 2651 802 2712 vis
811 2652 946 2711 Graecae
956 2650 1090 2719 iuven-3

82 2736 153 2795 lutis
179 2735 364 2797 abundantia
388 2734 496 2796 virium
522 2735 606 2796 sedis
633 2734 806 2810 quaeritans
832 2736 863 2795 in
894 2734 1000 2795 Asiam
1026 2750 1061 2794 se

80 2817 197 2878 effudit.
225 2819 298 2878 Nam
315 2826 346 2879 et
359 2820 450 2880 Iones
466 2821 544 2880 duce
557 2820 632 2879 lone
646 2820 775 2893 profecti
789 2820 917 2879 Athenis
934 2817 1060 2879 nobilis-

80 2902 312 2977 simampartem
320 2902 455 2978 regionis
463 2902 629 2963 maritimae
637 2918 843 2978 occupavere,
860 2919 940 2978 quae
953 2902 1059 2962 hodie-

81 3001 142 3060 que
157 2986 329 3061 appellatur
343 2987 442 3060 Ionia,
457 2985 604 3060 urbisque
619 2988 804 3047 constituere
817 2986 989 3060 Ephesum,
1004 2982 1059 3041 Mi-

79 3069 183 3142 letum,
191 3068 524 3144 colophona,Prienen,
537 3069 703 3144 Lebedum,
715 3070 880 3146 Myuntem,
887 3067 1058 3146 Erythram,

80 3150 294 3228 Clazomenas,
308 3153 495 3224 Phocaeam,
511 3155 682 3228 multasque
696 3153 726 3214 in
743 3155 868 3228 Aegaeo
890 3159 981 3226 atque
995 3151 1058 3208 Ica-

78 3233 125 3294 rio
142 3251 335 3310 occupavere
348 3237 474 3310 insulas,
491 3235 622 3309 Samum,
639 3236 753 3311 Chium,
767 3237 919 3305 Andrum,
934 3237 1058 3304 Tenum,

78 3317 202 3390 Parum,
224 3320 331 3380 Delum
346 3321 485 3394 aliasque
499 3318 651 3394 ignobilis.
686 3320 724 3381 Et
738 3337 810 3380 mox
829 3318 931 3380 Aeolii
952 3317 1088 3380 eadem4

80 3403 210 3476 profecti
226 3403 354 3464 Graecia
366 3401 617 3478 longissimisqae
632 3403 691 3462 acti
705 3404 859 3463 erroribus
882 3418 943 3463 non
958 3400 1056 3461 minus

80 3483 206 3546 illustris
232 3484 427 3548 obtinuerunt
440 3489 527 3548 locos
554 3487 716 3561 clarasque
741 3486 825 3546 urbis
846 3486 1056 3604 condiderunt,
