2370 3946
206 213 248 280 58
480 211 520 272 M.
543 210 685 272 VELLEI
706 210 921 273 PATERCULI

207 367 239 428 in
258 364 469 425 Macedoniam
490 371 520 424 et
540 364 624 440 apud
643 362 749 423 urbem
768 362 927 440 Philippos
948 378 1019 423 curn
1040 363 1082 423 Μ.
1098 365 1116 423 Ε

209 449 379 524 Cassioque
390 448 456 508 acie
468 454 697 508 concurrerunt.
723 444 840 518 Cornu,
854 447 902 507 cui
913 447 1027 508 Brutus
1039 463 1117 524 prae

208 532 349 608 impulsis
363 531 503 592 hostibus
516 539 617 592 castra
629 530 769 591 Caesaris
781 530 879 605 cepit;
894 538 978 605 (nam
990 531 1116 606 ipseCal

210 616 327 677 etiamsi
342 614 568 677 infirmissimus
579 612 754 675 valetudine
764 620 844 688 erat,
860 613 963 674 obibat
977 614 1115 676 muniad

210 707 314 761 oratus
330 701 420 759 etiam
434 699 473 760 ab
488 700 610 768 Artorio
625 695 761 768 medico,
784 712 824 755 ne
838 697 994 757 incastris
1009 713 1116 758 roman

209 783 371 844 manifesta
384 782 618 843 denunciatione
633 778 745 856 quietis
759 781 877 851 territo)
897 781 929 841 id
944 786 1061 856 autem,
1083 781 1113 841 in

211 866 337 928 Cassius
360 867 472 941 iuerat,
493 869 630 940 iugatum
651 880 688 924 ao
703 865 783 924 male
802 865 966 926 mulcatum
987 863 1019 925 in
1033 866 1116 926 altior

180 959 370 1027 preceperat
394 952 471 1027 loca.
500 951 575 1010 Tum
602 948 727 1009 Cassius
752 964 792 1007 ex
817 964 875 1008 sua
901 950 1024 1009 fortuna
1048 964 1116 1009 ever

210 1037 348 1110 collegae
363 1034 528 1094 aestimans
542 1048 613 1093 cum
626 1031 795 1093 dinnsissot
809 1040 969 1093 evocatum
985 1033 1117 1093 iussisse

209 1119 356 1180 nunciare
370 1117 444 1189 sibi,
462 1131 540 1190 quae
552 1122 636 1176 esset
646 1115 805 1175 multitudo
818 1131 854 1175 ao
863 1116 912 1176 vis
923 1114 1094 1190 hominum,
1110 1137 1116 1173 t

210 1203 250 1263 ad
265 1219 300 1263 se
316 1200 467 1273 tenderet,
488 1199 603 1260 tardius
619 1215 656 1259 eo
671 1198 847 1271 nunciante,
863 1215 932 1260 cum
945 1199 976 1259 in
990 1200 1093 1261 vicino
1108 1216 1116 1259 ι

210 1301 317 1360 agmen
334 1300 428 1346 cursu
443 1284 482 1344 ad
496 1298 565 1343 eum
580 1281 768 1344 tendentium
780 1298 881 1358 neque
893 1285 1020 1359 pulvere
1031 1285 1116 1344 iacies

138 1438 146 1457 ,
211 1371 300 1442 signa
314 1367 451 1428 denotari
467 1375 612 1442 possent,
627 1366 805 1427 existimans
819 1366 918 1428 hostis
936 1382 1008 1428 esse
1025 1368 1116 1443 quiin

209 1458 292 1522 rent,
315 1452 438 1511 lacerna
457 1457 550 1528 caput
576 1450 775 1512 circumdedit
799 1456 1060 1539 extentumque
1040 1450 1116 1511 cervi

181 1533 366 1597 sinlerritus
391 1534 500 1608 liberto
511 1534 675 1615 praebuit
702 1528 871 1595 Decide’rat‘
879 1530 966 1596 Cassi
989 1543 1095 1610 caput,

207 1614 358 1682 'eidcat'us
384 1620 507 1681 advenit
531 1621 681 1681 nuncians
700 1620 827 1680 Brutum
852 1634 924 1680 esse
947 1618 1112 1716 victorem·

210 1720 280 1765 oum
305 1705 520 1780 imperatorem
544 1711 730 1781 prostratum
753 1703 884 1762 videret·
905 1704 1114 1779 „insequar,

210 1805 295 1862 eum,
318 1804 408 1863 quem
427 1804 496 1847 mea
516 1788 629 1847 occidit
648 1787 793 1847 ιιιιίἰιιιειι
814 1793 845 1845 et
857 1786 920 1846 itu
912 1803 942 1846 tn
957 1786 1115 1860 gludiurni

180 1869 283 1931 4buit.
307 1869 381 1929 Post
393 1885 512 1943 paucos
528 1869 640 1929 deinde
654 1869 720 1928 dies
734 1869 846 1929 Brutus
859 1869 998 1928 conflixit
1012 1885 1081 1929 oum
1095 1870 1115 1929 h

108 1980 111 1985 ’
210 1953 269 2012 bus
285 1959 315 2013 et
328 1952 427 2013 victus
442 1952 508 2010 acie
523 1967 592 2010 cum
606 1950 636 2009 in
648 1952 796 2011 tumulum
810 1957 900 2010 nocte
915 1967 953 2010 ex
969 1954 1042 2026 luga
1056 1970 1091 2014 se
1105 1971 1116 2012 1

210 2036 322 2113 pisset,
345 2033 518 2111 impetravit
536 2049 555 2092 a
570 2032 711 2095 Stratone
730 2035 881 2107 Aegeate,
904 2034 1043 2093 familiari
1064 2053 1116 2098 suo

209 2136 332 2179 manum
343 2118 489 2178 morituro
503 2117 710 2177 commodaret
721 2115 795 2188 sibi,
807 2115 984 2192 reiectoque
995 2119 1084 2179 laevo
1096 2138 1116 2180 s

210 2210 304 2275 caput
322 2199 449 2262 brachio
467 2215 536 2261 oum
556 2216 732 2261 mucronem
753 2200 835 2274 gladi
850 2200 918 2262 eius
939 2201 1068 2261 dextera
1081 2210 1116 2263 tet

209 2284 352 2345 sinistrae
359 2283 550 2346 admovisset
556 2283 735 2345 mammillae
742 2283 781 2343 ad
796 2298 866 2344 eum
880 2285 982 2360 ipsum
996 2286 1113 2361 locum,

211 2382 266 2429 cor
279 2368 402 2442 emicat,
418 2369 577 2446 impellens
593 2383 628 2429 se
642 2368 673 2427 in
684 2369 794 2428 vulnus
806 2384 867 2428 uno
879 2369 941 2430 ictu
953 2369 1116 2430 transfixus

211 2450 322 2528 piravit
336 2453 485 2529 protinus.

183 2539 200 2592 1
293 2537 394 2598 LXXI.
435 2537 594 2607 Messalla,
617 2506 882 2609 fulgentissimus
874 2535 1009 2608 iuvenis,
1029 2538 1116 2612 proxi

210 2621 241 2680 in
255 2622 314 2681 illis
330 2622 439 2681 castris
452 2621 537 2680 Bruti
552 2617 701 2692 Cassique
722 2617 906 2693 auctoritati,
927 2633 996 2683 oum
1016 2629 1116 2681 essent

210 2720 281 2764 eum
302 2704 411 2763 ducem
432 2707 611 2777 poscerent,
630 2699 747 2760 servari
761 2700 911 2762 beneficio
927 2701 1067 2764 Caesaris
1084 2722 1114 2764 m

211 2800 302 2860 quam
320 2783 443 2845 dubiam
463 2799 551 2860 spem
571 2798 725 2844 armorum
744 2790 862 2845 tentare
881 2785 1028 2861 amplius=
1055 2804 1113 2849 nec

212 2867 334 2929 Caesari
351 2868 514 2942 quicquam
529 2882 569 2927 ex
582 2867 718 2928 victoriis
732 2867 799 2928 suis
819 2867 875 2930 init
888 2870 997 2931 laelius
1014 2888 1107 2946 quum

209 2966 304 3013 vasso
325 2951 501 3025 Corvinum,
523 2958 574 3013 aut
592 2952 691 3011 maius
711 2953 885 3027 exemplum
905 2952 1036 3015 hominis
1058 2971 1114 3031 gru

181 3036 252 3114 apii
279 3052 370 3111 quam
385 3033 538 3097 Corvinus
558 3036 587 3095 in
604 3035 764 3095 Caesarem
786 3035 850 3096 luit.
889 3037 956 3098 Non
977 3036 1060 3099 aliud
1075 3040 1114 3099 be

210 3120 366 3180 cruentius
382 3119 479 3180 caede
497 3117 733 3180 clarissimorum
748 3119 882 3180 virorum
897 3121 967 3182 luit:
989 3128 1050 3182 tum
1063 3122 1117 3182 Cat

209 3203 291 3263 filius
311 3203 436 3271 cecidita
457 3202 566 3263 eadem
584 3201 741 3263 Lucullum
755 3202 1028 3278 Hortensiumque,
1051 3207 1116 3265 emit

210 3285 397 3348 tissimorum
411 3286 521 3346 civium
535 3285 631 3357 filios,
648 3287 769 3347 fortuna
784 3285 924 3356 abstulit;
939 3303 1009 3346 nam
1020 3289 1116 3350 Varro

209 3367 373 3430 ludibrium
393 3370 556 3431 moriturus
576 3369 704 3444 Antoni,
725 3370 818 3443 digna
837 3369 889 3429 illo
905 3385 942 3430 ac
960 3385 1034 3430 vera
1048 3371 1116 3432 deo

181 3450 278 3514 teins
298 3466 409 3529 magna
429 3468 498 3515 cum
517 3454 656 3515 libertate
673 3452 824 3513 ominatos
844 3459 902 3514 est.
936 3453 1057 3515 Drusus
1071 3454 1116 3515 Lir
