2370 3946
129 209 174 277 30
397 209 438 269 Μ.
459 209 601 270 vatum
620 209 837 272 ramatum

131 365 370 438 Norbanumque
392 364 537 424 consules
559 370 700 438 superat,
722 380 851 439 quorum
866 364 1031 426 Norbanus

128 450 243 523 victus,
257 446 361 522 Scipio
372 447 411 506 ab
423 448 561 508 exercitu
572 462 629 508 suo
642 446 784 507 desertus
796 463 834 507 ac
847 449 996 523 proditus,
1012 450 1033 509 ir

103 535 210 598 elatus
234 548 253 591 a
274 530 359 590 Sulla
378 531 525 592 dimissus
546 544 603 591 est.
638 531 728 591 Adeo
750 531 830 591 enim
846 531 931 592 Sulla
952 533 1030 594 dissi

132 617 188 678 luit
213 614 340 675 bellator
354 615 514 688 acvictor,
538 620 572 674 ut
591 615 663 674 dum
681 615 787 690 vincit,
812 617 980 676 caotbse'mo
1006 617 1033 676 le

132 705 206 776 post
218 699 374 759 victoriam
390 698 494 759 audito
511 698 601 758 luerit
616 698 777 758 crudelior.
806 699 882 758 Nam
899 706 930 758 et
941 715 1033 761 const

132 789 167 844 ut
181 783 404 858 praediximus,
419 788 622 856 exarmatum,
638 781 842 857 Quintumque
854 781 1033 857 Sertorium,

135 867 240 944 quanti
254 883 327 928 mox
340 866 412 927 belli
428 867 541 927 lacem!
567 872 597 925 et
610 866 723 927 multos
737 866 829 938 alios,
858 866 973 941 potitus
995 884 1034 927 eo

134 949 248 1013 dimisit
260 949 438 1023 incolumis,
458 949 552 1009 credo
566 955 600 1008 ut
613 949 644 1009 in
660 950 770 1010 eodem
789 950 912 1010 homine
927 951 1032 1025 duplic

105 1034 335 1098 adversissimi
356 1031 449 1094 animi
469 1033 700 1108 conspiceretur
718 1036 902 1109 exemplum.
930 1034 1033 1095 Postu

133 1119 211 1180 riam
225 1134 288 1194 qua
302 1117 467 1190 defendens
480 1122 613 1176 montem
626 1116 723 1177 Tifata
743 1132 811 1178 eum
828 1118 858 1177 0.
873 1117 1019 1179 Norbano

136 1209 271 1264 currerat
284 1199 370 1260 Sulla
389 1199 484 1274 gratis
505 1201 636 1273 Dianae,
659 1200 746 1260 cuius
767 1201 882 1260 numini
895 1201 981 1275 regio
997 1203 1033 1262 ill

135 1293 219 1345 crata
232 1290 294 1359 est,
310 1284 415 1356 solvit,
430 1300 528 1359 aquas
544 1284 720 1345 salubritate
736 1284 789 1357 [in]
806 1284 1030 1359 medendisque

134 1368 263 1444 poribus
278 1367 390 1427 nobilis
405 1383 559 1442 agrosque
574 1368 673 1428 omnis
688 1366 805 1427 addixit
820 1369 907 1428 deae.
930 1369 1028 1428 Huius

134 1457 184 1511 tae
199 1450 355 1525 religionis
370 1451 547 1512 memoriam
561 1457 591 1511 et
610 1450 768 1526 inscriptio
785 1451 890 1526 templi
912 1451 1016 1511 adfixa
1031 1468 1033 1526 j

134 1534 291 1610 hodieque
306 1540 336 1595 et
349 1536 453 1597 tabula
466 1543 594 1598 testatur
608 1551 699 1596 aerea
713 1535 791 1595 intra
806 1536 923 1595 aedem.

107 1615 123 1668 1
218 1619 303 1679 XXV
306 1619 326 1677 l.
368 1620 486 1681 Deinde
502 1621 647 1682 consules
660 1619 757 1680 Carbo
773 1620 893 1679 tertium
909 1627 939 1680 et
948 1620 977 1679 C.
986 1619 1033 1677 Ma

137 1704 273 1779 septiens
286 1704 422 1765 consulis
434 1704 530 1776 filius,
547 1720 645 1767 annos
657 1711 747 1764 natus
759 1703 864 1778 viginti
879 1719 950 1777 sex,
967 1703 1033 1762 vira

135 1787 233 1860 magis
247 1803 338 1861 quam
344 1790 444 1860 torem
451 1786 579 1862 paterni,
590 1789 684 1847 multa
691 1789 871 1861 fortiterque
882 1787 1004 1846 molitus
1013 1802 1033 1843 n

19 1912 22 1919 .
135 1885 268 1942 usquam
281 1869 406 1928 inferior
421 1872 543 1930 nomine
558 1871 709 1943 consulis,
723 1870 806 1943 apud
821 1868 1032 1944 Sacriportum

136 1967 191 2012 sus
207 1967 226 2012 a
241 1949 325 2012 Sulla
340 1951 420 2026 acie,
435 1952 598 2011 Praeneste
614 1952 697 2026 quod
717 1957 782 2011 arte
802 1958 832 2009 et
846 1957 953 2009 natura
966 1969 1033 2011 mun

108 2033 300 2111 ipraesidiis
315 2033 502 2108 firmaverat,
524 2050 559 2093 se
574 2034 803 2106 exercitumque
819 2031 952 2093 contulit.
980 2034 1025 2092 Ne

135 2135 267 2194 usquam
279 2117 366 2176 malis
379 2115 510 2191 publicis
522 2117 660 2189 deesset,
673 2115 704 2175 in
717 2130 778 2190 qua
789 2113 910 2175 civitate
920 2129 1033 2189 semper

135 2202 250 2261 tutibus
266 2206 412 2260 certatmn
428 2208 505 2274 erat,
521 2200 693 2260 certabatur
713 2198 897 2270 sceleribus,
919 2199 1033 2273 optimu

137 2283 196 2345 sibi
208 2283 378 2356 videbatur,
389 2282 442 2359 qui
453 2286 551 2345 iuerat
561 2283 733 2360 pessimus:
750 2283 866 2358 quippe
882 2283 954 2343 dum
966 2282 1033 2343 adS

136 2372 257 2443 portum
286 2366 460 2443 dimicatur,
484 2366 693 2443 Damasippus
719 2374 842 2442 praetor
865 2366 1031 2427 Domitium

136 2450 292 2528 [Mucium]
307 2449 487 2512 Scaevolam
499 2452 603 2526 etiarn,
615 2450 791 2528 pontificem
803 2451 968 2510 maximum
980 2452 1033 2510 etc‘

135 2533 323 2610 humanique
336 2535 411 2597 iuris
426 2543 582 2597 auctorem
597 2534 842 2608 celeberrimum,
859 2535 931 2594 etc.
945 2534 1033 2594 Carbt

136 2620 333 2696 praetorium,
346 2621 482 2680 consulis
491 2620 630 2692 fratrem,
643 2626 673 2678 et
679 2617 844 2678 Antistium
852 2617 1024 2677 aedilicium

108 2703 266 2775 ,araneolis
283 2701 386 2762 Sullae
407 2702 546 2777 partibus
558 2702 589 2761 iu
604 2699 832 2762 curiaHostilia
851 2702 1020 2761 trucidavit.

138 2785 248 2860 perdat
266 2784 448 2845 nobilissimi
469 2785 540 2846 iacti
554 2784 681 2860 gloriam
702 2785 877 2860 Calpurnia,
900 2783 1030 2862 Bestiae⁸

138 2884 217 2928 uxor
230 2867 357 2942 Antisti,
374 2884 454 2944 quae
468 2867 619 2943 iugulato,
641 2876 675 2929 ut
689 2869 913 2944 praediximus,
933 2868 999 2926 viro
1013 2884 1033 2941 g

139 2968 174 3013 se
185 2952 256 3028 ipsa
266 2953 427 3014 transfixit.
444 2952 594 3027 Quantum
606 2953 696 3014 huius
708 2954 825 3028 gloriae
837 2953 999 3025 famaeque
1011 2965 1033 3010 a

139 3037 193 3098 sitl
215 3037 302 3098 Nunc
317 3037 426 3099 virtute
441 3036 552 3097 eminet
565 3035 592 3111 *,
607 3037 705 3113 patria
717 3039 799 3097 latet.
814 3035 831 3074 *

111 3137 127 3190 1
220 3121 341 3182 XXVII.
382 3123 424 3182 At
442 3121 568 3181 Pontius
581 3122 756 3195 Telesinus,
777 3120 841 3180 dux
856 3117 1034 3178 Samnitium

140 3203 231 3265 animi
247 3205 431 3266 fortissimus
445 3204 579 3280 bellique
594 3205 724 3280 peritus,
745 3203 884 3262 Romano
906 3200 1020 3261 nomini

140 3287 305 3362 stissimus,
321 3289 485 3350 contractis
493 3287 613 3349 circiter
628 3287 782 3362 octoginta
796 3285 917 3344 milibus
926 3283 1033 3344 dortiss

140 3370 502 3449 pertinacissimaequein
508 3372 676 3433 retinendis
683 3370 773 3431 armis
786 3367 965 3442 iuventutIS,
979 3366 1033 3426 Car

140 3471 178 3517 ac
188 3455 285 3518 Mario
299 3457 475 3520 consulibus
490 3457 601 3518 abhinc
616 3471 714 3516 annos
729 3458 849 3514 centum
864 3458 895 3513 et
908 3467 1033 3526 novem,
