2370 3946
143 222 185 286 74
413 223 453 282 Μ.
475 221 616 282 vannat
637 221 854 283 PATERCULI

113 389 126 439 l
224 374 325 435 XCIX.
358 373 450 434 Brevi
465 373 621 433 interiecto
642 372 895 448 spurciditatem
912 373 1034 435 duobus
1049 391 1101 436 ecn-

143 457 292 521 sulatibus
306 458 496 532 totidemque
508 456 670 532 triumphis
681 458 758 517 actis
769 457 950 517 tribuniciae
962 460 1101 534 potestati

143 543 339 604 consortione
353 549 503 616 aequatus
514 540 791 617 Augustucivium
807 549 879 616 post
892 558 995 616 uuum,
1012 542 1101 604 ethai

143 628 214 704 quia
230 628 359 700 volebat7
376 626 645 698 eminentissimus,
661 626 773 685 ducum
788 626 948 698 inaximus,
966 627 1047 686 lama
1060 628 1101 688 lor

140 719 276 788 lunaque
295 710 510 770 celeberrimus
532 716 562 769 et
583 725 654 768 vere
674 710 800 770 alterurn
820 710 1009 785 reipublicae
1023 710 1101 770 lamet

141 803 172 855 et
191 802 296 870 caput,
323 795 399 854 mira
421 794 552 868 quadarn
575 800 605 853 et
624 793 793 853 incredibili
815 799 906 869 atquc
928 793 1101 854 inenarmbil

142 879 268 955 pietate,
291 880 377 940 cuius
394 893 507 938 causae
527 893 599 938 mox
615 877 752 938 detectae
769 884 852 949 sunt,
877 893 945 937 eum
961 876 993 937 C.
1010 877 1101 938 Caesa

141 964 326 1039 sumpsisset
341 963 400 1022 iam
413 961 531 1021 virilem
545 962 785 1037 togam,·Lueius
800 963 871 1022 item
884 968 1024 1046 maturus
1039 974 1100 1022 esse

140 1049 265 1121 viribus,
281 1062 320 1106 ne
335 1048 436 1120 fulgor
450 1061 527 1107 suus
539 1046 698 1107 orientium
713 1045 856 1107 iuvenum
869 1044 1006 1107 obstaret
1019 1045 1100 1106 initiis

141 1132 332 1194 dissimulata
347 1145 443 1191 causa
458 1130 566 1191 consili
581 1130 629 1191 sui
644 1136 845 1191 commeatum
857 1130 895 1189 ab
907 1144 1018 1190 socero
1030 1135 1101 1204 atqu

141 1218 250 1276 codem
270 1215 378 1274 vitrico
399 1214 620 1289 adquiescendi
635 1230 654 1273 a
667 1213 896 1276 continuatione
915 1212 1054 1275 laborum
1068 1227 1101 1289 pe

105 1311 125 1364 2
141 1300 193 1361 tiit.
216 1300 290 1375 Quis
306 1299 395 1359 luerit
409 1314 446 1359 eo
462 1305 600 1374 tempore
616 1298 745 1359 civitatis
760 1298 897 1371 habitus,
919 1298 971 1373 qui
986 1298 1101 1374 singulo

139 1400 206 1443 rum
228 1382 336 1456 animi,
357 1398 437 1457 quae
458 1382 689 1458 digredientium
709 1399 728 1442 a
748 1389 831 1443 tanto
847 1383 913 1443 viro
930 1383 1062 1444 omnium
1075 1383 1101 1441 la·

140 1467 265 1541 orimae,
283 1482 374 1541 quam
389 1483 488 1542 paene
501 1467 529 1527 ei
544 1467 642 1542 patria
656 1483 777 1528 manum
793 1465 943 1540 iniecerit,
959 1466 1041 1528 iusto
1056 1478 1101 1527 ser·

104 1562 125 1616 3
140 1567 247 1611 nemus
259 1551 362 1626 operi:
379 1549 453 1611 illud
465 1553 554 1612 etiam
569 1551 600 1611 in
616 1551 677 1612 hoc
691 1558 869 1612 transcursu
884 1550 1048 1612 dicendum
1063 1552 1101 1613 est

139 1636 180 1696 ita
201 1643 320 1710 septem
344 1651 443 1696 annos
464 1635 565 1696 Rhodi
589 1643 754 1708 moratum,
780 1642 814 1695 ut
834 1651 956 1708 omnes,
985 1637 1038 1710 qul
1062 1647 1101 1710 prt

140 1719 319 1780 consulibus
331 1719 485 1795 legatique
496 1719 525 1779 in
537 1719 757 1780 transmarinas
773 1720 903 1796 proiecti
919 1721 1036 1798 [essent]
1050 1732 1101 1795 pro

138 1802 272 1876 vincias,
293 1804 415 1863 visendi
430 1801 498 1863 cius
512 1803 609 1878 gratia
623 1803 661 1863 ad
677 1819 747 1865 eum
764 1804 982 1863 convenientes
998 1814 1101 1878 semper

139 1885 273 1961 privato,
297 1886 323 1944 si
337 1887 389 1945 illa
402 1887 546 1945 maiestas
562 1887 680 1960 privata
694 1903 828 1961 unquam
844 1886 913 1960 luit,
935 1886 1031 1948 lascis
1046 1899 1101 1948 suot

139 1966 346 2029 summiserint
366 1968 504 2042 lassique
528 1969 588 2028 sint
613 1967 705 2029 olium
729 1970 795 2028 eius
820 1968 1001 2030 honoratius
1026 1972 1101 2047 impe

137 2068 184 2114 rro
200 2068 267 2113 suo.

107 2143 122 2193 1
221 2136 251 2195 C.
286 2134 389 2195 Sensit
407 2142 555 2194 terrarum
576 2134 659 2194 orbis
680 2135 853 2210 digressum
870 2152 889 2196 a
907 2139 1049 2200 custodia
1062 2136 1101 2198 lle

137 2234 244 2279 renem
264 2218 364 2278 urbis:
390 2233 459 2277 nam
474 2226 504 2278 et
517 2218 646 2278 Parthus
667 2218 847 2280 desciscens
863 2236 881 2280 a
896 2222 1047 2284 socictate
1059 2223 1101 2282 Ro

137 2317 230 2360 mana
249 2301 360 2363 adiecit
373 2301 537 2362 Armeniae
557 2318 680 2363 manum
702 2312 732 2365 et
747 2304 907 2364 Germania
928 2306 1052 2368 aversis
1065 2307 1100 2366 dc

104 2385 254 2445 amitoris
269 2385 322 2445 sui
344 2386 443 2447 oculis
463 2386 631 2448 rebellavit.
667 2387 707 2447 At
728 2388 757 2447 in
779 2390 856 2449 urbe
877 2403 915 2449 eo
937 2390 1007 2463 ipso
1029 2404 1101 2450 anno

139 2486 200 2545 quo
221 2469 530 2545 magnificentissimis
553 2471 724 2546 gladiatorii
746 2473 880 2533 muneris
904 2473 1101 2534 naumachiae

138 2568 199 2630 que
214 2556 398 2629 spectaculis
415 2554 506 2615 divus
521 2557 679 2630 Augustus
695 2555 806 2616 abhinc
821 2572 918 2616 annos
934 2557 1067 2634 triginta
1082 2573 1101 2617 n

137 2646 167 2698 et
183 2638 268 2699 Gallo
285 2639 409 2699 caninio
425 2639 620 2713 consulibus,
642 2640 784 2701 dedicato
797 2638 902 2701 Martis
922 2642 1039 2716 templo
1055 2641 1101 2702 ani

137 2737 204 2781 mos
230 2722 401 2796 oculosque
425 2722 532 2796 populi
552 2722 682 2783 Romani
706 2726 893 2800 repleverat,
918 2725 1011 2785 tocda
1037 2726 1101 2786 dicu

135 2803 344 2879 memoriaque
365 2803 520 2865 horrenda
540 2806 570 2865 in
590 2803 689 2880 ipsius
706 2808 797 2870 domo
820 2815 988 2884 tempestas
1001 2808 1101 2885 crupii

103 2887 253 2963 equippc
273 2887 337 2949 iiiia
358 2888 424 2949 elus
440 2888 530 2964 iulia,
551 2906 607 2965 per
629 2892 730 2952 omnia
751 2892 825 2952 tanti
846 2894 981 2968 parentis
1002 2909 1041 2954 ae
1061 2893 1101 2952 vir

136 2972 307 3047 immemor,
328 2972 407 3055 nibil
423 2974 507 3048 quod
528 2974 630 3034 lacere
649 2983 702 3036 aut
721 2975 784 3052 pati
805 2977 932 3052 turpiter
949 2984 1061 3057 posset
1075 2977 1101 3038 le

135 3055 226 3132 mina,
242 3056 370 3130 luxuria,
385 3056 510 3117 libidine
524 3058 667 3119 iniectum
680 3060 802 3137 reliquit
815 3060 1101 3138 magnitudinemqu

136 3142 277 3202 icaunae
290 3156 366 3201 suae
380 3141 530 3217 peccandi
541 3142 662 3203 licentia
672 3144 861 3216 metiebatur,
880 3145 1028 3220 quicquid
1043 3145 1101 3206 libe

103 3232 181 3285 eret
196 3241 252 3301 pro
272 3223 354 3284 lielto
375 3224 546 3286 vindicans.
579 3227 653 3287 Tum
668 3228 752 3289 iulus
765 3227 934 3302 Antonius,
961 3229 1101 3304 singular

136 3310 310 3382 exemplum
328 3309 505 3370 clementiae
520 3310 669 3384 Caesaris,
687 3312 815 3371 violator
829 3312 895 3373 eius
911 3312 1031 3389 domus,
1049 3313 1099 3389 ips

137 3392 263 3451 sceleris
285 3407 354 3452 ase
369 3393 525 3455 commissi
544 3395 626 3455 ultor
641 3394 710 3465 tutu
738 3409 829 3470 quem
849 3397 929 3457 victo
945 3397 1012 3457 eins
1029 3405 1100 3474 patr

136 3489 197 3534 non
212 3482 325 3537 tantum
341 3476 547 3538 incolumitate
562 3478 737 3554 donaverat,
755 3478 811 3538 sed
827 3481 1011 3557 sacerdotio,
1027 3496 1101 3559 prae
