2340 3946
280 211 489 273 alsuanum
512 211 704 275 Romanae
727 213 849 288 11,1ao.
1015 213 1058 278 at

70 363 421 443 postorassiinParthis
429 365 573 425 damnum
580 363 610 423 in
626 360 763 425 externis
777 365 919 441 gentibus
933 367 1058 441 gravior

69 449 220 512 Romanis
235 448 306 522 fuit,
323 448 412 509 iustis
429 448 633 509 voluminibus
648 455 681 508 ut
691 449 744 508 alii·
756 449 797 508 ita
808 461 865 509 nos
879 449 1058 512 conabimur

68 549 247 610 exponere,
263 547 344 593 nunc
360 546 478 592 summa
493 531 638 592 deflenda
655 539 710 592 est.
746 533 905 594 Exercitus
923 535 1087 596 omnlnma

10 690 13 695 Ι
70 617 274 691 lortissimus,
296 616 472 692 disciplina,
495 631 602 688 manu,
629 615 882 691 experientiaque
909 618 1057 681 bellorum

70 700 152 763 inter
165 702 323 762 Romanos
345 700 454 760 milites
477 699 623 775 princeps
648 715 787 760 marcore
802 700 905 777 ducis,
927 700 1058 777 perfidia

10 830 15 847 .-
69 785 187 859 hostis,
198 784 355 860 iniquitate
365 783 751 858 fortunaccitcumventus,
764 796 832 844 cum
847 800 886 843 ne
899 786 1057 861 pugnandi

70 869 197 945 quidem
212 875 265 928 aut
278 868 457 943 egrediendi
474 867 598 929 occasio
613 862 666 940 iis,
683 868 713 926 in
726 874 871 942 quantum
887 871 1055 944 voluerant,

71 953 143 1014 duta
177 956 275 1021 esset,
311 947 401 1008 immo
430 947 586 1023 castigatis
618 948 708 1008 etiam
743 950 924 1025 quibusdam
969 954 1056 1028 gravi

71 1052 190 1112 poena,
216 1035 289 1112 quia
308 1035 456 1095 Romanis
483 1042 513 1095 ct
537 1035 630 1094 armis
654 1042 685 1095 et
708 1036 815 1096 animis
842 1037 891 1096 usi
915 1036 1054 1112 luissent,

72 1118 212 1180 inclusas
227 1119 328 1192 silvis,
344 1119 523 1194 paludibus,
545 1118 680 1193 insidiis,
703 1119 741 1179 ab
757 1135 794 1180 eo
806 1119 896 1180 hoste
910 1119 950 1179 ad
964 1119 1055 1181 inter-

72 1204 232 1265 necionem
243 1201 412 1264 uncidatus
425 1210 488 1278 cst,
505 1217 595 1279 qaem
611 1203 654 1263 ita
668 1216 792 1278 semper
805 1219 890 1264 more
902 1205 1055 1278 pecudum

71 1287 290 1361 trucidaverat,
316 1295 349 1348 ut
371 1289 465 1347 vitam
491 1295 542 1348 aut
566 1294 694 1348 mortem
719 1287 785 1347 eius
799 1303 887 1348 vrrurnc
909 1288 953 1347 ira
974 1298 1055 1349 nunc

71 1372 162 1432 venia
178 1378 369 1446 temperaret.
401 1371 478 1432 Duci
493 1373 562 1454 plus
576 1372 616 1431 ad
631 1370 822 1431 moriendum
838 1387 928 1448 quam
945 1373 984 1432 ad
999 1383 1084 1449 put

33 1474 38 1479 ·
71 1455 226 1531 gerandum
250 1455 342 1516 animi
366 1455 438 1524 luit3
472 1463 588 1530 quippe
618 1454 737 1529 paterni
762 1454 896 1530 avitique
922 1458 1054 1531 exempli

70 1554 237 1601 successor
248 1554 283 1599 se
294 1540 363 1614 ipse
374 1537 536 1599 transfixit.
551 1540 616 1597 Ate
625 1539 786 1612 praelectis
795 1548 965 1600 castrorum
978 1541 1053 1600 duo·
1066 1553 1084 1603 a

69 1622 129 1684 bus
152 1639 244 1699 quam
265 1625 379 1682 clarum
393 1624 567 1697 excrrrplum
581 1623 614 1680 L.
630 1622 760 1696 aggius,
784 1628 844 1682 tam
863 1630 951 1696 turpe
967 1622 1053 1682 Ceio·

68 1708 140 1769 nius
155 1706 305 1782 prodidit,
319 1706 387 1782 qui,
406 1722 474 1767 cum
497 1708 587 1780 longe
608 1706 770 1765 maximam
792 1712 909 1779 partem
929 1705 1051 1766 absum·

33 1806 36 1813 ·
68 1791 288 1867 paissetacies,
297 1789 575 1851 auctordeditionis
584 1789 737 1864 supplicio
747 1804 838 1865 quam
847 1789 965 1864 proelio
975 1789 1051 1849 mori

67 1875 186 1936 maluit.
221 1876 261 1934 At
274 1875 352 1935 Vala
367 1874 550 1948 Numenius,
573 1875 691 1949 legatus
706 1874 794 1947 Vari,
811 1880 913 1933 cetera
928 1872 1079 1948 quietus5

67 1973 109 2019 ac
123 1958 254 2034 probus,
271 1958 328 2018 diri
343 1966 448 2020 auctor
460 1957 608 2033 exempli,
623 1958 787 2034 spoliatum
803 1956 904 2032 equite
919 1958 1052 2032 peditem

22 2078 26 2085 -
66 2042 248 2119 relinquens
268 2044 341 2117 luga
361 2057 428 2102 cum
451 2043 507 2103 alis
528 2043 668 2103 Rhenum
691 2048 794 2116 petere
815 2041 975 2116 ingressus
997 2048 1052 2114 est,

69 2127 158 2202 quod
174 2128 286 2186 iactum
298 2127 364 2187 eius
372 2126 492 2187 iomuna
500 2127 563 2187 ulta
574 2133 635 2195 cst;
648 2142 710 2186 non
718 2126 799 2185 enim
806 2126 936 2187 desertis
944 2140 1052 2200 super*

30 2284 33 2289 ι
68 2211 142 2282 iuit,
157 2208 214 2269 scd
226 2210 365 2269 desertor
376 2210 496 2270 occidit.
528 2211 601 2270 Vari
614 2222 728 2285 corpus
741 2209 920 2271 semiustum
933 2208 1080 2278 hostilisa

68 2295 261 2354 laceraverat
275 2292 395 2366 feritas,
411 2299 503 2366 caput
517 2293 583 2353 eius
597 2293 754 2353 abscisum
768 2296 923 2371 latumque
938 2295 977 2354 ad
989 2292 1052 2352 Ma·

67 2376 246 2438 robcduum
262 2381 292 2434 ct
313 2376 351 2436 ab
366 2391 402 2436 eo
417 2376 545 2436 missum
560 2375 599 2434 ad
615 2375 777 2436 caesarem
793 2379 936 2452 gentilitii
951 2387 1051 2439 tamen

72 2459 178 2522 tumuli
193 2461 353 2533 sepultura
366 2459 549 2522 honoralum
565 2465 621 2519 cst.
670 2487 672 2490 ·

158 2542 244 2604 CXX.
286 2543 448 2605 Reddatur
466 2556 571 2603 verum
591 2543 624 2603 L.
646 2543 812 2618 Asprenati
838 2545 1080 2621 testimonium,1

36 2642 40 2647 ·
76 2628 127 2704 qui
142 2629 260 2703 legatus
276 2628 333 2688 sub
349 2628 500 2689 avunculo
513 2642 570 2689 atto
582 2629 667 2687 Varo
678 2627 808 2687 militans
821 2643 901 2687 nava
913 2624 1054 2704 virilique

77 2728 173 2788 opera
188 2712 315 2772 duarum
329 2713 500 2788 legionum,
517 2712 628 2789 quibus
645 2717 800 2787 praeerat,
816 2711 985 2773 exercitum
1000 2713 1053 2773 irn-

78 2811 197 2856 munem
212 2802 294 2855 tanta
314 2797 484 2858 calamitate
505 2798 640 2858 servavit
654 2802 834 2872 matureque
856 2798 896 2856 ad
909 2796 1055 2859 inferiora

78 2877 202 2940 hiberna
217 2879 436 2941 descendendo
452 2881 657 2942 vacillantium
671 2881 761 2941 ctiam
777 2881 821 2941 cis
828 2880 969 2942 Rhenum
983 2883 1054 2943 sita-

10 3007 11 3012 1
80 2978 142 3024 rum
151 2963 284 3036 gentium
292 2962 412 3024 animos
420 2963 628 3035 confirmavit3
645 2970 837 3038 sunttamen,
854 2965 906 3038 qui
920 2971 953 3024 ut
966 2964 1056 3025 vivos

10 3096 13 3120 ,
79 3045 114 3105 ab
129 3062 167 3106 eo
183 3047 371 3121 vindicatos,
388 3048 428 3108 ita
442 3047 645 3122 iugulatorum
660 3048 718 3109 sub
725 3047 809 3107 Varo
824 3055 976 3121 occupata
992 3058 1057 3107 ore-

10 3151 14 3193 r
80 3129 208 3190 diderint
228 3131 411 3206 patrimonia
430 3130 691 3207 hereditatemque
713 3130 809 3191 excisi
836 3131 1006 3205 exercilus,
1027 3131 1056 3189 iu

10 3234 15 3275 r
82 3221 225 3288 quantum
240 3216 384 3288 voluerit,
402 3215 440 3275 ab
455 3229 492 3274 ec
510 3215 630 3274 aditam.
665 3215 698 3275 L
714 3214 802 3274 etiam
819 3214 958 3289 Caedici,
973 3229 1062 3289 prae·
1048 3223 1090 3275 ·a

10 3317 16 3358 t
82 3296 151 3356 lecti
173 3307 340 3358 castrorum
349 3314 546 3374 ,eorumque
567 3299 618 3373 qui
644 3315 704 3358 una
728 3297 906 3359 circumdati
931 3299 1059 3358 Alisone

86 3377 239 3443 immensis
268 3382 487 3442 Germanorum
512 3383 611 3456 copiis
637 3381 870 3456 obsidebantur,
906 3382 1061 3442 laudanda

87 3463 182 3526 virtus
208 3473 269 3540 cst,
294 3466 346 3540 qui
372 3466 513 3526 omnibus
539 3464 766 3525 difficultatibus
792 3465 961 3543 superatis,
984 3481 1062 3543 quas
