2370 3946
255 224 352 275 PRID.
370 223 507 276 HAASII
523 226 752 279 PRAEFATIO.
1000 242 1031 278 xl

51 354 98 416 47,
112 353 140 412 2.
165 359 269 408 medium
282 360 330 407 iam
340 359 395 408 oin
406 360 500 408 inuidia
507 364 648 424 partium
665 376 701 410 ac
714 360 862 423 familiae
874 361 1032 411 cohaerentis

10 426 185 475 -concorciiae
195 430 295 489 pipnus.
319 425 350 472 H.

53 487 107 551 48,
122 487 150 546 2.
175 492 296 554 defuisset
309 491 431 554 fortunae
448 494 625 543 deserendi
639 495 692 543 eius
709 496 790 554 locus,
809 495 848 544 vel
860 494 944 559 potius
957 494 1033 543 desti·

10 561 81 607 tendi.
108 559 140 606 cf.
153 559 184 617 II,
199 555 232 607 69
245 565 306 606 extr.
332 558 364 607 M.

10 692 36 702 “
53 620 107 740 43,
122 621 148 681 3.
173 626 242 674 cuius
258 639 334 673 sane
351 625 530 689 uoluptatibus,
548 633 575 674 ut
592 627 672 677 anina
685 625 751 691 (ἷιῖό)
764 635 845 676 ortum
857 629 889 677 eit
902 642 934 676 ex
946 626 1032 676 litteris

10 709 44 742 se.
98 729 103 739 .

53 756 105 816 49,
119 755 148 810 4.
170 760 347 821 postulaverat
358 760 524 809 tantummodo
536 765 666 809 contentus
682 776 736 810 cum
751 775 802 810 una
818 763 915 824 lepione
927 785 961 795 -
969 775 1034 824 pro·

10 829 95 882 nolae,
116 827 235 887 priuatas
251 831 284 873 ut
299 827 359 873 t.-u.
376 829 472 875 ueniret
490 832 516 874 et
530 841 602 875 se-
614 831 777 876 committeret
794 828 930 877 decreuere
941 852 983 875 -.
1000 828 1034 875 ita

10 891 148 1007 effingi-Idem
166 906 222 940 esse
240 892 325 941 docuit
340 892 374 942 Μ.
399 894 440 942 die
452 893 621 957 Recltssrape
637 894 759 944 enuclea
772 893 868 944 Caesar
876 909 903 942 n.
916 894 942 943 d.
955 893 1034 944 Senal

10 974 45 1007 ur.
97 995 102 1004 .
731 973 741 983 ⁸

20 996 36 1024 ὓ
55 1021 148 1140 53,d5.
158 1030 224 1139 Bion
239 1028 377 1088 simplex
398 1030 465 1074 esset
481 1040 601 1075 annorum
625 1028 740 1090 dipestio.
763 1026 793 1075 H.
829 1031 880 1076 tarn
899 1028 1035 1090 prolixa

10 1098 56 1141 sset
69 1107 94 1139 a.
128 1126 134 1138 .
181 1128 187 1140 .

56 1154 104 1215 54,
117 1155 142 1211 1.
166 1161 266 1223 utrique
277 1172 436 1208 summorum
447 1159 626 1222 imperatorum
637 1162 740 1210 meritas
748 1174 848 1224 poenas
860 1162 937 1209 oleri
946 1173 1036 1222 super-

10 1229 45 1275 ‘iti
56 1229 125 1273 luere
138 1228 278 1288 suppliciis.
294 1224 328 1274 M.

57 1287 109 1349 55,
122 1286 151 1344 4.
175 1293 308 1341 restitutae
324 1296 396 1340 sunt
413 1307 430 1340 a
441 1292 503 1342 duce
517 1308 588 1358 quam
600 1308 617 1341 a
627 1295 703 1342 milite
716 1297 827 1356 potius.
850 1293 884 1343 Μ.

57 1354 107 1416 57,
122 1353 149 1413 3.
173 1357 339 1407 ineluctabilis
347 1358 459 1420 satorum
470 1361 522 1416 uis,·
539 1375 601 1408 cum
617 1363 704 1409 culus
719 1360 848 1421 fortunam
863 1365 960 1409 mutare
978 1374 1037 1409 oon-

10 1427 84 1482 ituit,
97 1440 119 1473 c.
133 1427 279 1488 corrumpit.
297 1425 330 1474 M.

57 1488 108 1548 59,
122 1488 147 1544 1.
173 1492 211 1540 De
223 1495 293 1540 cuius
303 1493 401 1555 oripine
413 1496 487 1541 etiam
498 1494 545 1541 sic
559 1495 741 1556 praecipiti
754 1509 839 1557 panico
851 1494 959 1544 dicenda
969 1498 1036 1542 sunt.

10 1558 23 1606 Ι.
37 1557 57 1616 Ι,
72 1554 113 1616 16,
129 1556 152 1606 1.
177 1560 203 1605 in
214 1558 262 1607 lrac
273 1563 323 1606 tarn
332 1560 474 1621 praecipiti
480 1558 654 1621 festinatione.
670 1558 700 1607 B.

58 1620 109 1680 59.
124 1619 150 1679 6.
176 1626 318 1688 aequaliter
334 1639 572 1690 coruscansque
590 1627 615 1673 in
627 1627 736 1674 colorem
748 1641 831 1675 arcus.
855 1625 884 1674 B.

59 1686 108 1749 60,
122 1685 150 1744 2.
175 1692 309 1754 maluique
321 1694 440 1740 avunculo
452 1696 478 1740 et
492 1691 598 1741 Caesari
612 1691 691 1739 clare
702 1706 731 1740 se
743 1707 815 1756 quam
825 1693 913 1741 uitrico
926 1691 1036 1740 cedere.

11 1758 81 1807 tado
101 1757 136 1806 iio
153 1756 320 1819 intellegetur.
345 1757 379 1805 M.

59 1772 304 1938 65,t2.Masfinitas,
325 1826 445 1888 priuipna
460 1824 495 1874 A.
518 1825 645 1888 desponsa
663 1824 776 1874 (laesuri.
811 1825 911 1874 omissis
934 1824 1038 1874 vocibus

10 1906 47 1938 um
60 1904 135 1939 esse.
187 1924 193 1936 .

61 1951 148 2015 66,1.
175 1956 237 2005 Cum
252 1956 280 2004 in
298 1956 337 2005 ed.
354 1957 434 2021 princ.
453 1964 477 2005 et
492 1958 517 2006 in
537 1957 592 2006 cod.
610 1956 712 2008 Amerb.
730 1958 899 2023 scriptumne
915 1959 1038 2016 nomiari,

10 2022 58 2071 ihil
74 2022 145 2071 aliud
161 2023 344 2085 anquirendum
357 2038 414 2073 esse
430 2024 475 2073 sed
492 2028 612 2074 nunciare
624 2023 782 2074 scribendum
794 2025 868 2075 docui
879 2025 905 2073 in
918 2023 1038 2074 adnotati.

10 2091 49 2138 rit.
63 2089 96 2138 ed
108 2088 167 2138 Sen.
182 2089 239 2138 dial.
254 2091 285 2148 II,
300 2087 344 2149 10,
358 2089 382 2140 3.
405 2090 433 2139 in
449 2090 502 2140 ind.
520 2091 587 2140 lectt.
599 2090 702 2141 Vrniisl.
715 2099 776 2142 nest.
796 2089 869 2141 1852.
881 2105 940 2156 pag.
953 2089 978 2140 5.
1002 2090 1040 2141 De

10 2156 119 2206 enteniia
137 2155 169 2204 cf.
188 2155 247 2205 Sen.
267 2156 324 2205 dial.
338 2157 380 2215 IV,
400 2156 444 2220 (de
460 2158 498 2206 ira
512 2155 558 2221 IL)
577 2173 598 2206 c.
616 2156 657 2217 27,
671 2159 695 2206 4.
720 2159 828 2222 Adfecti
843 2173 925 2208 sumus
937 2173 1039 2222 poena:

10 2227 128 2272 uccurrat
140 2238 190 2272 non
200 2229 296 2272 tantum
308 2224 370 2288 quid
375 2226 519 2286 patiamur,
531 2225 580 2274 secl
590 2225 652 2289 quid
658 2225 802 2287 secertnnus.
821 2239 871 2289 quo
883 2225 938 2274 loeo
950 2239 996 2290 pro
1010 2239 1039 2275 eo

12 2290 64 2339 uod
76 2295 114 2338 esi
125 2295 270 2347 succurrat,
284 2289 333 2337 diei
345 2290 419 2338 etiem
430 2291 524 2354 potuit:
537 2292 679 2340 nunciemus
690 2291 770 2341 nobis.
794 2293 825 2342 ΙΙ.

63 2351 114 2413 68,
127 2353 151 2408 1.
176 2372 256 2422 neque
268 2358 332 2404 enirn
341 2370 522 2419 personarum
533 2357 644 2406 umbram
654 2361 806 2408 maiestas
817 2361 859 2408 ret
867 2375 895 2422 p.
908 2360 985 2422 capit.
1009 2356 1030 2407 B

109 2420 147 2470 ib.
171 2439 224 2472 curn
240 2426 267 2472 in
283 2425 417 2472 meliora
433 2424 531 2487 quictem
541 2424 642 2472 seruari
649 2429 747 2486 posset.
770 2425 804 2473 M.

109 2487 148 2537 ib.
173 2494 198 2539 in
210 2474 271 2539 urbe
282 2490 442 2547 seditionem,
462 2490 493 2537 in
510 2490 600 2552 apris
615 2488 699 2538 laud
713 2493 810 2540 occulte
827 2488 939 2540 bellicum
955 2495 1041 2541 tumul·

10 2571 46 2604 nm
57 2571 164 2606 mouens.
189 2556 222 2606 M.
248 2556 317 2619 quod
327 2556 418 2620 recepi.

64 2621 114 2683 75,
128 2624 154 2680 3.
175 2623 278 2686 supiens
288 2637 348 2673 mon
357 2624 379 2686 s.
391 2638 413 2671 s.
428 2623 546 2673 Caesaris
556 2627 694 2683 ornatos,
708 2621 794 2672 Manum
805 2645 847 2672 -«.
859 2623 893 2672 Μ.

65 2687 113 2749 79,
126 2688 151 2743 1.
173 2704 225 2752 per
236 2692 318 2739 onnia
329 2686 437 2754 [euna]
449 2691 584 2740 dilationes
592 2704 729 2752 perosus.
752 2687 782 2738 B.

65 2753 115 2815 81,
129 2754 153 2811 l.
177 2755 334 2806 salubritatis
346 2759 440 2816 instar,
454 2756 523 2820 quod
533 2755 581 2805 fuit
591 2757 618 2805 in
630 2757 696 2817 cod„
709 2756 822 2807 defendit
832 2756 862 2808 Β.

62 2820 120 2940 3312,
132 2820 161 2877 4.
185 2826 325 2872 succinctus
347 2838 435 2873 vocem
456 2823 549 2873 retinui
572 2838 604 2872 ex
627 2823 682 2873 cod.
706 2823 738 2873 of.
756 2823 830 2876 Orell.
848 2825 880 2873 ed
897 2825 955 2876 Tse.
973 2824 1040 2876 Ann.

10 2890 47 2949 ΙΙ,
98 2926 103 2938 .
128 2890 159 2938 Η.

17 3025 23 3036 .
66 2951 117 3071 86f,
131 2951 166 3071 §.7
183 2971 230 3071 {eo
237 2960 370 3071 lgaisonem
381 2959 544 3020 interemptus
555 2962 605 3016 est,
623 2954 817 3022 [interemerunt
827 2973 855 3008 se
866 2954 932 3022 ipsi]
939 2963 1043 3022 panacis·

10 3026 61 3070 nni.
87 3036 119 3071 c.
167 3060 174 3082 ,
207 3059 213 3071 .
260 3060 266 3071 .
486 3076 490 3081 ,

67 3086 113 3148 91,
126 3086 152 3144 1.
176 3091 245 3154 quod
255 3104 390 3153 copnomen
401 3092 438 3140 itti
447 3094 514 3140 uiro
526 3091 618 3141 Planci
627 3093 753 3141 sententia
763 3092 1042 3151 consensus—indidit,

10 3164 99 3205 servata
110 3155 167 3205 cod.
179 3156 302 3221 scripturn
313 3159 380 3217 uiro,
399 3171 473 3220 quam
484 3164 568 3206 tuetur
580 3157 636 3208 coll.
650 3173 671 3207 c.
684 3156 728 3219 87,
741 3158 765 3208 2.
790 3157 819 3209 B.

68 3218 117 3281 95,
132 3219 158 3279 3.
184 3230 247 3273 extr.
260 3223 319 3273 item
331 3224 478 3289 seriptsnnm
491 3224 546 3274 cod.
559 3230 643 3274 tuetur
653 3224 682 3273 B.
707 3239 754 3274 nec
771 3239 817 3290 ego
830 3239 898 3274 nuno
909 3224 1042 3275 edsnodum

10 3303 29 3335 :e
46 3305 63 3338 u
102 3303 125 3338 ο.

29 3303 117 3416 Ρ99,
130 3352 157 3413 3.
181 3361 209 3404 ut
224 3371 308 3406 omnes
330 3354 414 3422 [eam
436 3353 599 3420 adierint]
618 3372 670 3422 pro
694 3358 834 3409 consulibus
851 3360 1043 3426 lepatiqueint.
