2370 3946
130 204 172 272 62
401 205 442 265 Μ.
464 205 606 265 VELLEI
627 205 844 268 PATERCULI
902 209 904 213 ’

133 356 320 426 concedere;
345 356 376 415 in
402 371 463 431 quo
484 363 584 418 umen
609 358 728 418 animus
753 357 874 433 inquies
899 373 1027 419 manere
1052 374 1095 419 not

103 455 120 509 a
129 441 238 517 potuit.
259 439 399 501 Idunum
409 442 618 502 tantummodo
631 442 765 502 salutare
777 442 911 504 adventu
922 459 982 504 suo
997 442 1095 518 patria

131 523 243 597 attulit,
259 524 344 598 quod
359 523 501 585 omnibus
513 524 695 600 proscriptis
707 526 852 602 aliisque,
869 527 921 602 qui
936 526 1059 586 adeum
1071 540 1095 585 et

132 608 263 668 diversis
277 608 380 668 causis
394 609 546 683 fugerant,
565 609 695 669 reditum
708 610 901 685 salutemque
919 616 1029 685 pactus
1048 615 1095 669 est

133 706 213 767 quae
225 706 276 750 res
284 699 315 751 et
328 692 405 753 alios
419 693 606 754 clarissimos
620 693 704 754 viros
718 700 748 754 et
755 694 906 753 Neronem
914 693 1095 755 Claudiumet

130 775 171 836 Μ.
194 774 329 836 Silanum
345 774 544 852 Sentiumque
565 777 764 838 Saturninum·
779 783 810 837 et
822 778 1000 838 Arruntium
1014 792 1050 838 ac
1062 775 1095 836 tl·

104 858 205 925 etium
230 859 361 921 restituit
384 860 579 935 reipublicae.
613 860 741 922 Statium
762 867 863 922 autem
882 859 1095 936 Murcum,th

131 944 266 1005 adventu
281 960 338 1005 suo
354 945 527 1018 classisque
539 945 755 1006 celeberrimae
766 945 840 1006 viris
855 945 921 1005 eius
934 945 1095 1020 duplicare

131 1035 193 1101 rat,
206 1027 412 1089 insimulatum
427 1027 514 1088 ialsis
529 1026 804 1101 criminationibus,
822 1027 894 1104 quia
907 1030 999 1089 talem
1012 1029 1095 1089 virum

132 1113 280 1187 collegam
294 1111 376 1173 oiiici
386 1112 477 1172 Mena
488 1118 517 1172 et
527 1112 719 1173 Menecrates
731 1111 933 1185 fastidierant,
946 1111 1094 1188 Pompelo

132 1197 163 1257 in
179 1195 283 1256 Sicilia
296 1196 497 1255 interiecerat.

104 1301 119 1352 1
213 1279 372 1340 LXXVIII.
406 1279 474 1340 Hoc
488 1285 586 1341 tractu
600 1288 773 1355 temporum
785 1278 956 1352 Octaviam,
972 1290 1093 1340 sororem

133 1363 288 1436 Caesaris,
304 1363 343 1422 M.
358 1364 510 1424 Antonius
526 1363 613 1426 duxit
626 1377 764 1424 uxorem.
792 1359 1095 1438 RedieratPompeiut

131 1446 162 1506 in
183 1445 332 1520 Siciliam,
347 1444 504 1508 'Antonius
525 1446 556 1506 in
577 1445 795 1508 transmarinas
816 1447 1007 1523 provincias,
1032 1456 1093 1520 quar

132 1528 250 1605 magnis
265 1530 447 1592 molimentis
465 1532 634 1606 Labienus,
653 1547 692 1591 ex
708 1532 861 1591 Brutianis
877 1531 987 1591 castris
1008 1527 1094 1605 prole

133 1621 199 1676 ctus
215 1614 398 1690 edParthos,
414 1617 565 1692 producto
580 1632 685 1678 eorum
699 1615 834 1676 exercitu
845 1612 1007 1691 inSyriam
1019 1614 1093 1674 inter

132 1699 276 1775 lectoque
296 1702 397 1776 legato
417 1701 531 1763 Antoni
546 1706 761 1768 concusserat;
784 1700 837 1774 qui
853 1699 961 1758 virtute
976 1704 1007 1758 et
1019 1696 1095 1757 ductn'

131 1782 255 1844 Ventidi
269 1800 331 1844 una
345 1800 414 1844 cum
428 1785 607 1845 Parthorum
628 1782 726 1858 copiis
747 1782 1008 1856 celeberrimaque
1027 1779 1095 1840 iunc-

104 1865 343 1939 2numPacoro,
358 1867 441 1940 regis
457 1868 533 1938 filio,
550 1868 701 1927 extinctus
717 1871 774 1925 est.
801 1864 923 1926 Interim
931 1865 1044 1925 caesar
1054 1872 1095 1938 pti

133 1948 209 2008 haee
224 1954 363 2022 tempora
377 1964 481 2008 neres
497 1947 677 2023 disciplinae
692 1946 914 2021 inimicissima,
937 1949 1031 2009 otium
1044 1958 1095 2007 cor

131 2039 288 2108 rumperet
302 2030 440 2106 militem,
456 2030 571 2090 crebris
586 2029 616 2089 in
632 2029 973 2106 lllyricobelmatiaque
987 2024 1095 2107 expetii

134 2116 266 2177 tionibus
282 2115 426 2189 patientia
440 2113 645 2188 periculorum
665 2113 798 2187 bellique
819 2113 1009 2187 experientia
1023 2115 1095 2175 dura

104 2207 121 2260 3
134 2200 184 2259 bat
199 2199 374 2258 exereitum.
392 2197 509 2257 Eadem
524 2204 703 2273 tempestate
719 2197 862 2258 Calvinus
877 2197 1029 2258 Domitius
1043 2207 1095 2258 cett

133 2298 172 2343 ex
188 2282 351 2342 consulatu
365 2280 515 2343 obtineret
527 2281 722 2366 Hispaniam,
743 2280 918 2357 gravissimi
934 2293 1095 2357 comparat⁴

133 2366 227 2440 dique
241 2365 375 2441 antiquis
387 2366 518 2443 exempli
532 2373 638 2428 auctor
652 2367 723 2427 inita
739 2366 855 2441 quippe
871 2364 959 2440 primi
974 2364 1027 2440 pili
1042 2376 1095 2425 cen

133 2451 283 2510 tunionem
300 2450 422 2511 nomine
433 2451 589 2513 Vibillium
603 2451 643 2512 ob
657 2458 777 2527 turpem
788 2465 828 2509 ex
843 2449 910 2509 acie
924 2448 1028 2523 fugam
1040 2442 1095 2509 iusi

100 2534 105 2545 '
134 2534 297 2610 percussit.

106 2631 122 2686 1
217 2618 347 2680 ΒΧΧΙΧ.ι
392 2620 554 2681 Crescente
568 2617 599 2677 in
615 2619 681 2677 dies
697 2625 727 2678 et
739 2618 840 2677 classe
851 2623 882 2677 et
895 2615 1095 2689 iamaPompe

135 2703 249 2763 caesar
268 2705 380 2765 molem
399 2702 471 2761 belli
490 2702 556 2761 eius
578 2701 740 2775 suscipere
760 2700 873 2760 statuit.
901 2693 1095 2760 Aedificandl

134 2784 266 2847 navibus
292 2784 563 2859 contrahendoque
587 2781 673 2845 militi
696 2799 733 2843 ac
756 2784 862 2858 remigi
890 2782 1095 2858 navalibusqa

134 2868 350 2929 adsuescendo
376 2866 591 2929 certaminibus
616 2875 709 2942 atque
733 2867 1004 2929 exercitationibus
1025 2878 1095 2943 prae

135 2954 233 3013 iectus
248 2961 296 3015 est
306 2953 346 3013 Μ.
360 2949 501 3027 Agrippa
516 2949 635 3013 virtutis
650 2948 874 3024 nobilissimae,
897 2951 1018 3024 labore,
1039 2945 1095 3024 vigi

134 3035 189 3109 lia,
206 3037 342 3112 periculo
352 3035 499 3109 invictus,
513 3034 716 3111 parandique,
733 3034 790 3096 sed
801 3034 866 3106 uni,
880 3033 1095 3096 scientissimus

135 3120 203 3182 aliis
218 3136 294 3182 sane
304 3119 474 3196 imperandi
489 3120 619 3195 cupidus
631 3127 661 3180 et
671 3135 727 3195 per
739 3119 840 3180 omnia
854 3126 941 3178 extra
951 3117 1095 3179 dilatione

106 3204 256 3279 apositns
272 3204 483 3280 consultisque
498 3202 578 3264 iacta
593 3203 792 3277 coniungens.
819 3201 875 3261 llic
889 3201 920 3262 in
936 3203 1095 3263 Avernas

134 3287 267 3349 Lucrino
292 3289 362 3349 lacu
387 3285 620 3363 speciosissima
644 3289 746 3347 classe
770 3283 916 3347 fabricata
941 3282 1095 3346 cottidiani

135 3370 405 3433 exercitationibus
420 3370 543 3433 militem
557 3369 766 3445 remigemque
778 3368 818 3430 ad
832 3384 979 3430 summam
995 3374 1026 3428 et
1040 3364 1095 3430 mili

135 3453 794 3532 terisetmaritimaereiperduxitscientiam.
818 3451 1095 3514 ilacclassicaesu
