2340 3946
253 109 485 171 iustumne
505 109 701 172 ROMANAE
722 110 763 185 ΙΙ,
785 117 830 172 lo.
1004 109 1047 173 39

12 276 22 343 ᾗ·
65 264 263 341 stipendium.
298 264 347 324 Ab
369 263 479 324 eodem
501 261 581 322 iacta
597 261 751 335 [Numidae
765 263 938 338 prmebcla,
957 270 1080 338 equas

65 352 127 410 iam
142 350 211 409 olim
224 362 385 422 cognomen
398 349 503 407 virtute
517 352 644 421 partum
664 345 813 406 demeat
824 345 971 419 Metellus]
985 347 1046 406 Nu·

12 440 19 507 ,2
64 431 206 493 midicus.
244 431 376 492 Ciliciam
397 429 571 506 perdomuit
590 427 761 502 Isauricus,
788 435 818 489 et
839 435 910 504 post
933 430 1047 491 bellum

65 515 283 577 Antiochinum
297 514 396 575 Vulso
410 512 542 573 Manlius
558 512 807 586 Gallograeciam.
839 512 997 591 Bithynia,
1013 522 1048 575 ut

65 596 291 675 praediximus,
304 603 499 671 ‚testamento
525 596 699 657 Nicomedis
724 596 830 655 relicta
853 596 1045 657 hereditaria.

11 670 19 687 ’
64 682 163 743 Divus
178 682 334 758 Augustus
357 687 477 757 praeter
490 680 655 754 Hispanias
672 678 811 752 aliasque
831 681 945 754 gentis,
972 697 1046 756 qna·

11 766 17 805 ³
64 782 134 826 rum
146 765 239 826 titulis
252 767 350 826 lorum
361 764 430 826 eius
442 764 599 840 praenitet,
610 779 709 839 paene
723 764 801 823 idem
812 764 892 823 iacta
902 765 1046 842 Aegypto

11 848 16 927 ξ
63 848 274 924 stipendiaria,
290 856 437 924 quantum
451 854 538 924 pater
552 847 619 907 eius
635 847 739 906 Galliis
757 847 786 905 in
802 847 952 906 aerarium
965 849 1045 908 redi-

64 939 117 994 tus
128 932 264 993 eontulit.
286 932 510 1006 Atlicaesar,
526 946 619 1007 quarn
633 937 746 990 certam
757 931 903 1004 Hispanis
917 929 1079 1006 parendi3

64 1016 295 1078 contessionem
310 1022 481 1079 extorserat
494 1029 624 1091 parens,
642 1012 755 1092 Illyriis
768 1012 979 1090 Delmatisque
993 1029 1046 1075 ex·

64 1099 171 1169 tersia
193 1100 351 1160 Rhoetiam
371 1108 471 1160 autern
486 1105 517 1159 et
528 1097 710 1158 Vindelicos
732 1113 769 1158 ac
783 1097 913 1158 Noricos
926 1097 1046 1160 Panno·

64 1184 210 1258 piamque
229 1190 260 1244 et
281 1182 464 1245 Scordiscos
484 1198 583 1245 novas
603 1180 732 1256 imperio
757 1191 864 1243 nostro
891 1181 1048 1242 subiunxit

63 1265 260 1342 provincias;
289 1274 324 1328 ut
346 1267 403 1329 has
428 1268 536 1341 amnis,
562 1267 603 1326 ita
624 1264 803 1325 auctoritate
819 1265 1047 1340 Cappadociam

64 1352 184 1426 populo
197 1352 336 1413 Romano
351 1351 424 1413 iecit
443 1349 681 1426 stipendiariam.
714 1347 778 1409 Sed
796 1357 985 1410 revertamur
1006 1349 1046 1409 ad

63 1434 216 1496 ordinem.
643 1455 646 1459 ⁴

149 1518 211 1576 XL
238 1517 352 1578 Secuta
365 1518 476 1578 deinde
491 1517 543 1578 Cn.
553 1514 681 1590 Pompei
694 1514 813 1589 militia,
832 1516 947 1590 gloriae
962 1517 1047 1578 labo·
1062 1522 1075 1574 l

62 1602 151 1661 risne
166 1600 289 1660 maioris
310 1601 457 1661 incertum
472 1607 528 1660 est.
558 1598 737 1660 Penetratae
753 1615 821 1659 cum
841 1599 969 1660 victoria
982 1598 1046 1659 Me·

62 1684 133 1758 dia,
149 1682 295 1758 Albania,
310 1683 424 1755 iberia;
446 1684 558 1744 deinde
572 1681 688 1743 flexum
702 1697 811 1758 agmen
827 1684 866 1743 ad
881 1698 935 1742 eas
950 1683 1046 1743 natio·

64 1783 138 1842 nes,
166 1782 246 1848 quae
267 1767 375 1828 dextm
395 1775 487 1843 atque
507 1768 611 1828 intima
630 1766 716 1827 Ponti
737 1765 887 1840 incolunt,
915 1766 1045 1827 Colchos

65 1850 308 1926 Heniochosque
328 1857 359 1911 et
371 1851 530 1927 Achaeos,
552 1859 582 1911 et
602 1865 773 1927 oppressus
796 1849 943 1924 auspiciis
957 1850 1044 1910 Pom-

54 1933 134 2009 pei,
155 1933 275 1997 insidiis
295 1934 338 1995 fili
356 1934 522 1996 Pharnacis
536 1934 744 2008 Mithridates,
765 1933 889 1994 ultimus
911 1933 1046 1992 omnium
1147 1933 1150 1939 '

64 2018 141 2078 iuris
162 2019 211 2078 sui
230 2033 335 2093 regum
358 2027 479 2095 praeter
497 2018 666 2080 Parthicos.
698 2019 773 2078 Tum
793 2016 893 2078 victor
914 2015 1078 2077 omnium2

66 2117 147 2176 quas
169 2101 286 2162 adierat
309 2102 443 2176 gentium
461 2102 625 2178 Pompeius
646 2116 769 2178 suoque
789 2108 820 2161 et
840 2101 951 2162 civium
972 2107 1045 2162 voto

65 2185 163 2245 maior
177 2191 209 2245 et
222 2201 278 2259 per
291 2185 391 2245 omnia
405 2186 557 2246 ionunam
570 2185 703 2246 hominis
718 2201 864 2261 egressus
878 2186 1002 2247 revertit
1016 2185 1044 2244 ir

63 2268 191 2328 ltaliam.
212 2268 306 2329 Cuius
316 2268 445 2329 reditum
458 2269 655 2328 favorabilem
667 2268 771 2342 opinio
783 2268 914 2338 feceram
931 2270 1077 2344 quippea

65 2352 208 2428 plerique
227 2369 290 2414 non
311 2351 378 2411 sine
399 2351 537 2412 exercitu
555 2356 714 2411 venturum
735 2351 766 2408 in
781 2351 888 2410 urbem
904 2353 1046 2414 adfirma-

63 2435 139 2497 bant
152 2442 183 2496 et
196 2436 326 2497 libertati
341 2435 482 2511 publicae
497 2440 678 2495 statuturmn
693 2432 816 2492 arbitrio
832 2449 890 2493 suo
904 2435 1045 2505 modum;

64 2534 129 2596 quo
143 2520 242 2595 magis
256 2519 316 2581 hoc
331 2519 472 2581 homines
485 2519 661 2591 timuerant,
677 2532 715 2578 eo
730 2516 847 2591 gratior
860 2516 958 2578 civilis
971 2518 1046 2579 tanti

63 2601 260 2679 imperatoria
279 2604 396 2665 reditus
417 2603 486 2664 urit:
508 2603 590 2664 omni
610 2603 727 2678 quippe
741 2600 895 2661 Brundusi
917 2599 1045 2663 dimisso

63 2686 204 2748 exercitu
223 2686 296 2747 nihil
317 2696 439 2762 praeter
461 2703 572 2748 nomen
596 2685 788 2761 imperatoris
812 2686 950 2747 nedncns
976 2700 1045 2746 cum

64 2770 188 2845 privato
210 2771 354 2832 comitatu
375 2787 465 2846 quem
486 2786 610 2846 semper
630 2770 789 2832 illiserunt
809 2771 930 2832 trahere
951 2770 1045 2831 moris

63 2855 135 2929 luit,
156 2854 187 2914 iu
201 2855 307 2915 urbem
322 2854 412 2914 rediit
430 2851 828 2930 magnificentissimumque
843 2854 882 2912 de
901 2859 946 2913 tot
965 2853 1046 2927 regi·
1123 2854 1132 2861 ’“

62 2937 124 2998 bus
139 2953 197 3013 per
210 2938 336 2999 biduum
351 2937 414 3012 egit
432 2936 616 3012 triumphum
634 2939 787 3013 longeque
802 2936 947 2995 maiorem
962 2934 1046 2994 omni

61 3027 135 3082 ante
150 3037 187 3082 se
201 3021 293 3082 inlata
308 3022 440 3097 pecunia
452 3020 483 3080 in
498 3020 665 3094 aerarium,
682 3026 896 3095 praeterquam
911 3016 1044 3091 aPaulo,

61 3120 104 3164 ex
124 3105 276 3166 manubiis
296 3105 402 3167 intulit.
434 3103 574 3165 Absente
588 3104 640 3163 cn.
655 3102 802 3179 Pompeio
821 3103 853 3162 T.
869 3101 1000 3176 Ampius
1015 3101 1077 3162 etl

61 3184 96 3248 Τ.
111 3188 265 3249 Labienus
279 3189 390 3251 tribuni
407 3188 506 3264 plebis
520 3187 618 3263 legam
631 3189 779 3260 tulemnt,
796 3187 869 3248 ntis
884 3186 965 3246 ludis
981 3182 1042 3245 Cir·

62 3273 210 3334 censibus
224 3289 342 3334 corona
356 3273 461 3333 laurea
475 3278 506 3331 et
522 3271 603 3332 omni
618 3271 702 3331 cultu
715 3270 962 3346 triumphantium
978 3276 1042 3329 nte·

60 3363 160 3432 retur,
182 3356 316 3418 scenicis
331 3363 430 3418 autem
446 3360 604 3432 praetexta
619 3370 795 3430 coronaque
815 3369 926 3426 aurea;
947 3353 979 3413 id
993 3352 1044 3414 ille
