2370 3946
258 215 467 277 ursroame
481 214 674 277 aonnunu
688 216 730 292 u,
750 224 849 282 rara
1002 217 1044 280 ar

72 367 204 428 Caesaris
220 384 320 440 anna,
340 369 475 429 montbotr
494 367 608 429 bimum
619 366 861 429 huncl'iberium
873 369 1045 447 Gaesarem,

72 451 218 511 vindicem
233 451 362 511 Romani
383 451 506 527 imperi,
528 454 725 526 laturumque
745 451 884 513 eiusdem
904 452 1045 517 Caesaris

74 533 160 596 lilium
175 542 302 610 gestans
317 536 402 607 sinu,
420 551 475 610 per
492 535 562 596 avia
575 534 716 596 itinerum
727 535 830 597 vitatis
841 536 967 597 militurn
982 541 1045 613 gla-

76 619 124 678 diis
138 635 200 679 uno
217 618 395 693 comitante,
411 636 472 695 quo
487 619 607 679 facilius
621 619 825 680 occultaretur
835 621 921 695 iuga,
937 635 1046 696 perve-

76 703 111 763 nit
124 704 163 763 ad
178 718 263 762 mare
279 710 310 763 et
323 718 393 763 cum
415 703 479 764 viro
493 703 615 763 Nerone
628 708 774 778 pervecta
793 703 824 763 in
841 703 975 764 Siciliam
989 714 1046 767 est,

72 805 74 809 ·
148 785 280 847 LXXVI.
303 786 390 860 Quod
406 788 506 848 alieno
521 787 726 848 testimonium
740 787 916 862 redderem,
932 803 969 848 eo
985 806 1073 858 non1

76 870 215 931 fraudabo
231 886 322 930 avum
336 887 452 930 meum:
476 871 592 947 quippe
608 871 638 931 c.
653 870 792 931 Velleius
808 870 1046 934 honoratissimo

75 953 229 1015 interillos
243 960 397 1015 trecentos
413 954 573 1029 sexaginta
584 954 702 1014 iudices
718 955 787 1015 loco
803 955 885 1015 acn.
897 954 1045 1030 Pompeio

76 1037 180 1112 lectus,
196 1039 335 1099 eiusdem
350 1038 509 1112 Marcique
524 1039 610 1098 Bruti
625 1054 661 1098 ac
671 1038 715 1099 Ti.
728 1038 860 1099 Neronis
873 1042 1046 1114 praelectus

76 1121 201 1196 labrum,
218 1122 264 1181 vir
274 1123 348 1182 nulli
360 1122 533 1196 secundus,
548 1123 578 1182 in
588 1122 753 1197 Campania
768 1123 1047 1197 digressuNeronis

77 1205 242 1281 alleapoli,
260 1206 346 1266 cuius
363 1207 403 1267 ob
419 1207 604 1281 singularem
616 1222 684 1266 cum
696 1220 733 1266 eo
746 1205 907 1267 amicitiam
918 1206 1048 1282 partium

77 1289 188 1350 adiutor
208 1291 321 1364 luerat,
342 1290 445 1364 gravis
466 1291 526 1349 iarn
541 1297 639 1351 aetate
660 1297 690 1350 et
704 1305 836 1365 corpore
858 1307 927 1351 curn
942 1306 1047 1352 eomes

78 1387 140 1433 esse
164 1390 226 1434 non
248 1381 371 1449 posset,
397 1373 498 1449 gladio
524 1375 652 1449 seipse
677 1371 838 1434 transfixit.
870 1375 1076 1435 inviolatamr

78 1457 221 1517 excedere
235 1456 320 1518 ltalia
336 1457 449 1518 Caesar
468 1474 583 1533 passus
596 1457 732 1517 Fulviam
746 1457 968 1534 Plancumque,
984 1475 1049 1519 mu·

79 1539 172 1600 liebris
194 1542 286 1616 fugae
306 1542 462 1610 comitem;
484 1558 553 1600 nam
575 1541 670 1601 Pollio
691 1541 818 1601 Asinius
841 1557 909 1601 cum
931 1550 1049 1616 septem

79 1623 257 1699 legionibus,
279 1625 331 1685 diu
344 1633 461 1685 relenta
476 1624 507 1684 in
522 1630 674 1700 potestate
694 1625 807 1686 Antoni
821 1624 965 1700 Venetia,
986 1640 1048 1684 ma·

80 1709 137 1780 gnis
152 1709 369 1784 speciosisque
379 1709 473 1769 rebus
489 1708 710 1769 eircaAltinum
718 1709 857 1783 aliasque
872 1707 938 1769 eius
949 1708 1049 1782 regio-

80 1792 321 1864 nisurbiseditis,
336 1793 502 1853 Antonium
515 1799 638 1868 petens,
650 1806 762 1866 vagum
769 1789 1049 1865 adhucDomiliurn,

83 1877 644 1951 querndigressumeBrutianiscastris
652 1883 724 1951 post
738 1875 865 1936 caedem
880 1876 946 1936 eius
963 1891 1049 1951 pmc-

80 1959 203 2021 diximus
218 1968 249 2020 et
267 1960 412 2035 propriae
428 1961 537 2022 classis
552 1962 665 2020 iactum
686 1961 810 2032 ducem,
834 1959 970 2020 consiliis
985 1961 1050 2019 suis

79 2040 214 2104 inlectum
228 2060 265 2104 ac
280 2044 342 2104 ilde
356 2045 428 2106 data
442 2044 541 2105 iunxit
552 2043 703 2114 Antonio;
720 2060 781 2120 quo
796 2044 892 2117 iacto,
909 2043 1050 2119 quisquis

79 2142 204 2203 aequum
224 2143 261 2189 se
276 2129 472 2204 praestiterit,
494 2129 572 2189 sciat
597 2144 659 2188 non
690 2129 791 2189 minus
815 2143 834 2186 a
858 2126 994 2188 Pollione
1020 2128 1051 2187 in

77 2212 236 2272 Antonium
252 2227 344 2286 quarn
357 2212 395 2270 ab
410 2211 543 2273 Antonio
565 2211 597 2272 in
611 2212 777 2272 Pollionem
799 2226 871 2271 esse
882 2213 1050 2272 conlatum.

76 2296 231 2356 Adventus
253 2295 366 2357 deinde
386 2295 418 2354 in
432 2296 548 2356 Italiam
562 2294 676 2356 Antoni
697 2302 929 2372 apparatusque
944 2302 1079 2361 contrat

75 2394 141 2439 eum
163 2379 304 2440 Caesaris
324 2378 430 2439 habuit
454 2378 526 2438 belli
552 2386 680 2447 meturm
705 2380 762 2438 sed
776 2394 838 2453 pax
859 2379 1051 2440 cireaBrun·

68 2462 195 2524 dasium
210 2462 391 2538 composita.
414 2462 472 2522 Per
486 2477 566 2537 quae
579 2469 718 2537 tempora
724 2461 794 2522 Rufi
802 2460 968 2521 Salvidieni
983 2476 1080 2528 sce-4

76 2546 149 2607 testa
164 2545 294 2608 consilia
308 2547 462 2620 patefacta
477 2553 561 2622 sunt,
579 2547 630 2621 qui
648 2552 737 2606 natus
750 2543 979 2606 obscurissimis
994 2547 1050 2606 ini·

73 2628 121 2692 tiis
141 2646 251 2706 parum
271 2629 404 2691 habebat
424 2647 543 2692 summa
557 2631 718 2707 accepisse
738 2634 769 2689 et
790 2629 948 2704 proximus
964 2645 983 2689 a
997 2630 1049 2690 Cn.

71 2704 219 2790 pompeio
231 2713 364 2789 ipsoque
372 2714 504 2776 Caesare
514 2715 667 2790 equestris
681 2713 798 2776 ordinis
809 2714 918 2774 consul
930 2721 1049 2776 oreatus

71 2811 159 2872 esse,
181 2797 240 2858 nisi
261 2797 292 2856 in
306 2797 338 2857 id
353 2799 560 2874 ascendisset,
582 2814 600 2859 e
615 2816 676 2876 quo
696 2797 775 2858 inira
794 2813 830 2859 se
844 2804 875 2859 ct
888 2797 1050 2860 caesarem

71 2881 191 2942 videret
205 2888 235 2942 et
246 2882 474 2956 rempublicam.

154 2965 301 3024 LXXVII.
332 2967 408 3026 'lum
422 2967 636 3042 expostulante
650 2981 807 3027 consensu
820 2967 942 3041 populi,
960 2982 1051 3042 quern
1063 2971 1079 3022 1

69 3050 176 3126 gravis
192 3048 301 3109 urebat
314 3048 425 3109 infesto
440 3051 517 3111 mari
531 3066 667 3125 annona,
683 3066 752 3111 eum
762 3049 908 3126 Pompeio
925 3065 1051 3125 quoque

70 3135 156 3194 circa
169 3131 323 3193 Misenum
338 3149 400 3208 pax
416 3131 503 3207 inita,
523 3134 574 3209 qui
588 3135 671 3195 haud
685 3134 833 3207 absurde,
852 3149 921 3193 curn
935 3133 966 3192 in
981 3131 1053 3192 navi

69 3217 301 3291 Caesaremque
321 3224 352 3278 et
364 3219 531 3279 Antonium
545 3233 643 3279 coena
665 3218 836 3293 exciperet,
855 3216 932 3278 dixit
951 3218 982 3277 in
997 3217 1052 3278 ca·

68 3301 146 3362 rinis
161 3296 234 3361 suis
249 3315 286 3361 se
307 3315 435 3362 coenam
449 3303 538 3376 dare,
558 3303 695 3362 reterens
715 3301 776 3362 hoc
797 3299 911 3362 dictum
931 3301 971 3362 ad
993 3299 1054 3361 loci

69 3401 201 3459 nomen,
223 3384 254 3444 in
270 3400 332 3458 quo
347 3392 474 3460 paterna
495 3386 606 3448 domus
622 3386 660 3446 ab
675 3384 809 3446 Antonio
825 3385 1053 3460 possidebatur.

69 3469 104 3528 ln
116 3470 179 3531 luce
193 3466 282 3546 pacis
293 3468 420 3531 foedere
430 3471 545 3547 placuit
552 3468 684 3531 Siciliam
691 3468 1084 3546 Achaiamquerompcioe
