2370 3946
236 227 337 281 FRID.
353 224 489 277 HAASII
504 225 744 279 PRAEFATIO.
999 241 1015 274 r

56 363 143 414 thecae
158 365 245 430 regiae
258 363 474 424 Vratislaviensia‚
494 379 508 414 e
527 380 577 428 quo
596 363 710 414 intellexi
725 365 922 430 discrepantiam
938 363 1017 423 illam,

85 433 181 497 primus
207 432 314 483 Orellius
349 432 526 484 animadvertit
552 434 579 482 in
614 433 722 484 diversio
757 434 872 484 eiusdem
900 434 1017 484 editionis

56 500 99 566 olis
115 502 278 567 deprehendi,
298 517 349 552 nou
361 518 462 553 omnem
480 503 512 551 ab
527 517 558 552 eo
576 509 688 552 notatam
707 517 773 554 esse.
809 502 1016 554 Vratislaviensis

59 571 124 620 liber
141 586 200 636 pag.
227 568 272 623 37.
299 587 323 621 v.
350 572 391 623 ll.
412 572 455 635 qui
473 570 546 622 locus
568 578 608 620 est
626 571 669 625 lib.
693 572 729 632 ll,
756 587 777 620 c.
802 569 850 630 35,
872 569 898 622 2.
925 571 1014 622 hahet:

58 643 147 690 virtuti
162 642 310 701 unanimus,
329 641 374 692 ubi
388 643 414 691 ia
433 640 493 691 aliis
512 654 562 689 non
579 640 673 705 legitur
690 639 773 706 Ιιιηιιο,
796 640 916 691 sednon.
953 642 1015 690 ltem

56 710 73 770 ζ,
94 726 116 758 o.
133 706 182 768 83,
207 708 233 761 2.
251 724 313 775 pag.
332 707 377 762 47.
397 726 422 759 v.
443 708 484 762 13.
503 710 529 760 in
548 709 638 758 eodem
656 708 721 759 libro
744 708 850 773 legitur:
876 712 1014 775 ipnooerot.

72 793 131 827 nrocc
157 780 318 838 oenomelum,
346 778 390 828 ubi
412 780 439 827 in
461 778 532 829 aliisr
559 777 627 828 Mox
649 787 731 829 autem
753 777 818 829 hunc
834 795 858 828 a,
897 777 1014 842 Getarum

56 861 129 910 paam
145 846 283 911 plurimum
301 848 464 898 tribuendum
483 854 522 897 est
538 844 660 897 Rhenano
680 856 705 897 et
720 846 838 907 Bureric,
860 854 1013 897 nontamen

66 931 131 978 quae
153 916 253 965 silentio
271 915 390 966 Burerius
412 917 564 974 transmisit,
590 930 620 964 ea
645 916 729 966 omnia
753 917 787 966 ita
810 917 836 966 in
854 916 1014 966 Murbacensi

56 986 169 1048 escripta
188 984 269 1034 luisse
285 992 313 1033 ut
331 992 390 1035 sunt
407 986 433 1034 in
452 986 562 1036 aditione
578 985 706 1050 priucipe;
734 993 759 1034 et
778 991 807 1034 ut
823 984 874 1035 alia
891 985 1013 1042 omittam,

56 1055 122 1102 :toris
137 1060 204 1102 certe
223 1067 313 1102 manus
330 1053 413 1118 qualis
431 1056 458 1103 in
477 1054 564 1105 codice
582 1053 672 1113 fuerit,
698 1067 749 1103 non
766 1060 851 1118 potest
867 1070 899 1104 ex
916 1053 1014 1102 Burerii

56 1122 134 1170 atione
152 1121 283 1187 cognosci,
311 1131 339 1171 ut
357 1124 494 1173 verendum
512 1123 559 1181 sit,
587 1136 619 1171 ne
635 1122 699 1172 lorte
715 1121 832 1172 Rhenani
849 1122 891 1172 vel
908 1121 958 1171 alia
975 1137 1013 1171 re·

57 1207 70 1238 r
84 1205 173 1239 manus
188 1191 303 1241 fraudem
319 1193 343 1241 ei
358 1191 458 1251 lecerit,
476 1192 551 1241 sicuti
569 1190 634 1241 Phil.
654 1191 772 1242 Beroaldi
787 1205 877 1240 manua
893 1191 918 1239 in
934 1190 1013 1239 Taciti

56 1279 59 1305 ε
90 1258 233 1308 Corbeiensi
262 1259 347 1309 multis
376 1261 500 1310 vetustior
523 1259 580 1308 visa
606 1266 651 1309 eat.
702 1260 789 1325 Ipsum
814 1275 874 1309 vero
899 1259 1012 1308 codicem

56 1343 161 1378 mensem
187 1328 304 1391 equidem
333 1331 424 1393 opinor
448 1327 535 1379 seculo
562 1327 606 1378 XI.
634 1329 675 1378 vel
703 1329 781 1384 etiam
806 1328 861 1378 Xll.
890 1328 1012 1392 scriptum

77 1397 117 1444 his
144 1397 209 1446 enim
236 1396 331 1448 seculis
356 1414 374 1447 a
397 1397 496 1449 litterae
519 1403 599 1450 forma
619 1397 683 1448 haec
702 1412 744 1459 cc,
774 1396 806 1447 de
833 1412 882 1460 qua
908 1403 1014 1446 testatur

56 1481 99 1525 ns,
121 1466 240 1530 usurpari
257 1465 382 1530 paulatim
400 1467 482 1522 desita
501 1473 548 1526 est,
566 1465 710 1531 longiorum
727 1474 812 1516 autem
828 1464 1012 1518 vocabulorum

56 1536 122 1583 endia
142 1534 217 1592 talia,
248 1534 336 1597 qrralia
357 1536 383 1584 in
408 1536 494 1585 codice
520 1534 601 1584 fuisse
625 1537 688 1586 satis
712 1543 809 1585 certum
838 1542 890 1595 est,
919 1535 1011 1584 iisdem

56 1620 65 1652 s
86 1602 240 1666 frequentari
259 1611 367 1668 coepta;
393 1611 483 1667 postea
507 1603 585 1667 igitur
610 1617 675 1664 quae
698 1603 857 1653 invaluerunt
883 1603 1011 1653 scribendi

56 1687 79 1727 r,
95 1687 145 1719 non
162 1678 270 1736 possunt
287 1671 322 1721 ad
337 1671 509 1735 indagandam
528 1671 716 1734 depravationis
743 1671 868 1736 originem
888 1671 1010 1720 adhiberi.

56 1739 214 1788 lurboceusis
232 1737 291 1788 libri
315 1739 423 1803 scriptor
448 1739 563 1802 quamvis
589 1752 667 1804 saepe
693 1738 850 1802 multumque
876 1739 1012 1804 deliquerit

56 1809 146 1867 rtioue,
173 1805 346 1873 negligentia,
371 1807 487 1867 inscitia,
523 1806 623 1858 videtur
647 1815 732 1858 tamen
757 1808 882 1858 vetustius
911 1824 1011 1872 quoque

56 1876 131 1933 ilum,
152 1891 202 1938 quo
221 1874 265 1925 ille
282 1891 344 1925 usus
363 1883 413 1936 est,
441 1878 502 1927 satis
521 1877 671 1927 mendosum
689 1877 770 1927 luisse
789 1884 813 1926 et
830 1875 921 1928 litteris
943 1879 1010 1928 eius-

63 1946 201 2010 aeriptum,
230 1959 297 2008 quae
316 1944 397 1994 saculi
417 1944 461 1995 Xl.
490 1944 531 1995 rel
553 1943 607 1996 ΧΠ.
632 1943 734 1996 librario
762 1945 863 1996 indocto
888 1946 1011 1996 obscurae

59 2031 65 2073 ς
90 2016 164 2064 cuius
183 2015 220 2064 rei
237 2013 374 2063 manifesta
397 2023 455 2064 sunt
480 2014 583 2064 indicia.
620 2014 762 2065 Tironianis
780 2030 841 2065 vero
862 2015 929 2064 notis
947 2015 1010 2065 scri-

58 2083 138 2132 iuisce
155 2082 247 2132 librum
272 2080 343 2132 illum
367 2091 491 2143 veterem,
521 2098 570 2147 ego
597 2083 737 2134 coniectare
761 2096 812 2133 uon
841 2083 937 2148 audeo,
966 2085 1010 2146 qul

56 2169 61 2200 ι
85 2152 160 2201 talem
182 2166 311 2216 nunquam
339 2152 460 2204 viderim:
487 2151 592 2202 facilius
613 2152 644 2203 de
664 2151 830 2216 merovingici
847 2154 949 2217 generis
967 2152 1008 2203 lit-

56 2220 197 2271 ninusculis
219 2221 287 2271 lectu
302 2219 446 2272 dilllcilibus
461 2222 585 2271 assentiar
598 2221 709 2285 Hauptio
729 2222 811 2270 amico
836 2220 1009 2281 dilectissimo,

56 2306 123 2353 pram
142 2289 219 2340 huius
236 2306 337 2355 qnoque
357 2292 495 2356 scripturae
516 2298 584 2340 certa
606 2290 700 2339 indicia
724 2305 754 2339 eo
775 2291 858 2356 magis
876 2305 918 2340 me
935 2289 1009 2355 luge-

60 2361 128 2423 quod
146 2361 196 2408 iam
213 2367 287 2410 antae
303 2361 431 2424 reperisse
449 2357 511 2409 mihi
532 2358 637 2408 videbar
655 2358 715 2408 libri
733 2357 819 2423 illius,
839 2374 853 2409 c
871 2374 920 2422 quo
941 2358 1010 2406 Mur·

56 2431 86 2477 tis
113 2429 199 2488 linxit,
229 2428 394 2479 litteraturam
427 2426 508 2477 luisse
535 2425 756 2490 longobardicam
794 2434 943 2492 argumento
971 2434 1009 2476 est

56 2500 77 2547 is
96 2514 125 2548 oc
137 2497 226 2548 multis
243 2497 367 2563 exemplis
385 2497 484 2561 prodita
501 2501 511 2545 t
529 2496 628 2545 litterae
641 2493 797 2559 depravatio,
816 2496 888 2545 cuius
901 2495 1007 2546 iormam

56 2569 176 2618 sardicam
197 2568 260 2617 satis
278 2568 349 2618 illam
373 2565 527 2631 singularem
545 2578 603 2614 cum
621 2563 700 2613 variis
717 2564 801 2613 modis
819 2565 904 2614 scriba
922 2571 1008 2629 poste-

56 2646 258 2702 rterpretaretur,
282 2635 455 2700 multiplieiter
480 2634 569 2698 lapsus
593 2639 640 2687 cst.
676 2632 732 2682 Non
762 2640 836 2682 vacat
863 2647 929 2682 nnnc
953 2647 1008 2682 eam

56 2708 181 2757 couratius
199 2707 332 2771 persequi,
361 2719 437 2768 quam
453 2711 477 2753 et
496 2702 571 2754 facile
590 2710 629 2752 eat
652 2700 776 2766 exemplis
803 2700 914 2752 collectis
940 2717 1008 2752 com·

56 2793 90 2834 ·e,
116 2785 140 2824 et
159 2774 220 2834 utilc
237 2775 262 2823 in
278 2773 429 2824 emendandi
450 2772 551 2838 negotio
570 2784 620 2821 non
645 2771 793 2837 negligere3
820 2771 855 2821 ita
880 2772 949 2822 enim
969 2773 1007 2821 in-

70 2845 115 2895 llb.
134 2844 171 2899 ll,
195 2858 218 2892 o.
239 2837 286 2899 ⁴6,
307 2842 333 2893 1.
353 2842 446 2906 spretis
465 2848 489 2891 et
513 2840 621 2890 aliorum
645 2841 796 2891 coniecturis
821 2847 845 2890 et
868 2856 926 2892 mea
946 2841 1006 2891 olim

56 2929 65 2961 ι
92 2913 168 2960 unice
188 2925 273 2959 veram
300 2910 442 2961 habendam
466 2925 523 2960 esse
540 2909 626 2960 Ursini
648 2910 843 2966 divinationem,
869 2911 912 2972 qui
938 2919 1008 2960 vetus

56 2990 70 3029 tl
88 2997 133 3046 pro
154 2995 184 3028 eo
203 2979 272 3042 quod
288 2981 314 3028 in
333 2978 421 3029 codice
440 2979 488 3028 luit
504 2979 597 3036 maus:
620 2985 645 3028 et
668 2978 713 3029 lib.
724 2979 744 3038 I,
765 2994 788 3028 a.
807 2975 855 3036 17,
876 2977 900 3028 5,
924 2978 1007 3027 locum

56 3067 73 3098 n
95 3055 214 3099 vexatum
240 3057 309 3099 certo
338 3047 401 3098 mihi
425 3062 491 3098 nuno
512 3047 687 3098 emendatione
705 3061 810 3096 sanasse
826 3045 929 3104 videor;
950 3061 1007 3094 cum

56 3122 79 3166 ln
102 3117 188 3167 codice
207 3117 282 3167 inerit
302 3117 342 3168 vel
361 3133 423 3182 top,
442 3125 471 3167 ut
487 3117 623 3176 Burerius,
640 3116 681 3166 vel
697 3118 758 3181 inq,
779 3121 807 3164 ut
824 3113 1007 3164 Amerbachius

59 3195 83 3251 t,
109 3186 274 3236 hauddubie
292 3185 428 3252 legendum
447 3193 486 3237 est
502 3188 582 3244 intra,
613 3201 663 3249 quo
689 3187 791 3234 invento
814 3182 912 3246 reliqua
937 3183 1006 3233 facili

56 3272 69 3305 o
90 3256 269 3320 expediuntur.

56 3326 154 3375 ¹lienum
180 3332 218 3373 est
240 3325 272 3374 ab
298 3324 348 3375 hoc
372 3323 428 3374 loco
451 3322 600 3388 singulatim
628 3321 771 3387 explicare,
803 3322 896 3384 quibua
914 3321 1007 3385 ubique

56 3396 107 3444 ‚bus
128 3395 217 3443 ductus
238 3407 320 3442 meam
340 3392 452 3456 aliquam
472 3398 515 3441 aut
533 3389 643 3441 alienam
657 3391 809 3441 sententiam
827 3397 928 3440 secutus
943 3390 1006 3448 slm;

56 3480 69 3511 n
94 3470 177 3511 autem
200 3462 273 3521 dedi,
301 3470 329 3510 ut
354 3460 477 3525 quidquid
501 3466 560 3524 post
584 3459 673 3509 Kritaii
702 3459 838 3509 editionem
863 3459 1008 3526 diligentis-
