2340 3946
214 238 424 299 HlsTORLtE
444 236 637 298 ROMANAE
656 237 698 310 ΙΙ,
718 243 762 298 at.
777 246 820 298 aa.
958 229 1004 300 29³

108 389 220 448 XXlV,
261 388 291 447 C.
307 388 430 447 Flavius
443 385 591 460 Fimbria,
608 387 660 461 qui
676 389 850 462 praefectus
865 388 1028 462 equitumt

63 480 94 532 te
102 472 266 532 adventum
274 470 376 530 Sullae
382 470 686 530 ValeriumFlaccum
699 472 893 532 consularem
903 473 1004 532 uirum*

61 557 231 626 erlecerat,
254 555 453 629 exercituque
471 562 621 629 occupato
642 555 809 629 imperator
829 557 1001 631 appellatus

61 641 95 699 rti
106 638 299 698 Mithridaten
315 639 474 713 pepulerat
487 639 621 712 proelio,
637 637 695 698 sub
706 639 840 698 adventu
851 639 953 699 Sullae
967 654 1003 698 se

61 740 92 784 se
108 722 272 795 interemit,
288 722 485 796 adulescens,
502 738 582 796 quae
594 721 730 796 pessime
741 721 835 781 ausus
847 730 925 796 erat,
941 724 1002 782 lor·

61 824 92 866 er
107 812 284 866 exsecutus.
318 805 436 865 Eodem
457 822 538 866 anno
552 806 585 865 P.
599 805 720 865 Laenas
741 805 881 866 tribunus
902 805 1031 881 plebisn

61 907 98 947 tx.
114 889 261 948 Lucilium
277 888 329 964 qui
344 887 398 962 [in]
415 888 518 964 priore
533 905 612 949 anno
628 889 769 949 tribunus
784 889 883 964 plebis
895 890 1001 961 luerat,

61 989 104 1033 xo
119 973 246 1046 Tarpeio
269 970 394 1045 deiecit,
415 979 446 1032 et
466 988 534 1031 cum
549 973 685 1046 collegae
707 972 773 1033 eius
796 974 907 1048 quibus
922 973 1002 1031 diem

61 1062 161 1128 xerat,
183 1061 265 1115 metu
286 1056 326 1115 ad
341 1054 456 1116 Sullam
478 1057 701 1131 profugissent,
723 1071 805 1130 aqua
826 1056 950 1131 ignique
964 1053 1002 1114 iis

61 1139 189 1201 terdixit.
221 1140 297 1198 Tum
309 1137 394 1199 Sulla
409 1140 588 1214 compositis
602 1138 813 1200 transmarinis
827 1139 919 1198 rebus
936 1144 1032 1199 cuma

61 1273 64 1282 .
90 1222 304 1297 cumprimum
329 1223 463 1283 omnium
482 1224 690 1283 Romanorum
715 1223 806 1297 legati
823 1223 1003 1283 Parthorum

61 1307 186 1366 inissent
199 1314 229 1366 et
242 1306 274 1367 in
287 1305 463 1382 iisquidam
477 1304 559 1381 magi
572 1321 612 1365 ex
627 1306 708 1366 notis
719 1306 860 1380 corporis
871 1321 1002 1380 respon-

61 1397 146 1450 ssent
157 1391 321 1451 coelestem
333 1389 399 1450 eius
410 1390 502 1449 vitam
514 1397 545 1450 et
559 1390 735 1449 memoriam
752 1391 898 1464 futuram,
916 1404 1002 1448 reve-

61 1492 94 1533 us
111 1474 140 1532 in
156 1473 270 1532 ltaliam
285 1472 367 1533 haud
383 1475 577 1552 pluraquam
590 1473 712 1547 triginta
726 1480 909 1533 armatorum
923 1472 1005 1531 milia

61 1562 191 1616 tversum
206 1557 338 1615 ducenta
351 1557 433 1615 milia
451 1556 582 1630 amplius
602 1556 736 1615 hostium
750 1558 893 1629 exposuit
906 1556 1004 1616 Brun·

61 1642 107 1700 isi.
136 1639 198 1697 Vix
219 1638 381 1712 quiequam
396 1640 427 1697 in
443 1637 547 1697 Sullae
567 1638 714 1713 operibus
731 1639 841 1697 clarius
857 1636 1033 1711 duxerim,4

61 1740 122 1783 ram
147 1721 244 1796 quod,
273 1736 341 1780 cum
364 1737 420 1794 per
439 1719 600 1781 triennium
622 1720 774 1779 Cinnanae
788 1721 1006 1795 Marianaeque

61 1814 132 1866 ntes
148 1805 262 1864 ltaliam
283 1804 472 1875 obsiderent,
493 1819 596 1878 neque
610 1804 771 1864 inlaturum
792 1820 827 1863 se
841 1805 953 1864 bellum
968 1805 1005 1865 iis

61 1887 246 1959 ssimulavit,
267 1903 324 1946 nec
339 1888 424 1962 quod
437 1895 503 1948 erat
516 1888 546 1947 in
559 1887 698 1947 manibus
714 1886 828 1960 omisit,
852 1888 1005 1947 existima-

61 1981 132 2048 tque
146 1979 216 2032 ante
227 1971 427 2046 frangendum
440 1971 560 2032 hostem
573 1987 663 2047 quam
674 1972 884 2032 ulciscendum
897 1972 1004 2043 civem,
1076 1991 1080 1997 ·

63 2058 218 2132 pulsoque
232 2062 359 2116 externo
374 2063 471 2130 metu,
491 2057 544 2116 ubi
562 2055 645 2131 quod
667 2056 798 2116 alienum
814 2060 899 2114 esset
914 2053 1005 2113 vicis-

61 2150 91 2213 ιι,
108 2147 269 2213 superaret
283 2140 447 2213 quoderat
461 2141 671 2200 domesticum.
700 2141 779 2200 Ante
794 2139 958 2198 adventum
973 2136 1034 2194 L.5

61 2226 133 2286 illae
149 2222 244 2283 Cinna
264 2222 416 2284 seditione
437 2231 503 2283 orta
517 2224 556 2283 ab
573 2223 710 2282 exercitu
723 2223 938 2295 interemptus,
961 2221 1007 2279 vir

61 2308 151 2381 gnior
171 2305 224 2381 qui
246 2306 370 2367 arbitrio
385 2307 534 2366 victorum
554 2313 723 2367 moreretur
736 2322 827 2380 quam
848 2303 1007 2365 Iracundia

61 2392 169 2460 ilicum,
187 2391 225 2449 de
242 2405 303 2464 quo
318 2390 466 2449 veredici
481 2395 597 2462 potest,
618 2404 725 2448 ausum
743 2404 812 2448 eum
823 2405 903 2462 quae
915 2402 1005 2447 nemo

61 2475 157 2534 ideret
174 2474 290 2546 bonus,
315 2472 485 2548 perfecisse
506 2488 585 2546 quae
605 2486 624 2529 a
645 2471 727 2530 nullo
753 2471 813 2529 nisi
838 2471 1005 2532 fortissimo

61 2558 136 2618 arilei
151 2563 296 2633 possent,
312 2562 342 2615 ct
352 2557 450 2616 luisse
464 2571 533 2615 eum
547 2556 577 2614 in
589 2554 792 2614 consultando
803 2555 1005 2627 temerarium,

74 2641 259 2715 exequendo
274 2640 382 2699 virum.
412 2640 509 2700 Carbo
531 2641 613 2700 nullo
630 2636 761 2698 suffecto
781 2638 899 2712 collega
919 2637 1006 2697 solus

62 2734 91 2784 to
107 2741 189 2784 anno
205 2723 313 2784 consul
329 2722 391 2785 luit.

112 2808 207 2867 XXV.
248 2806 375 2867 Putares
396 2805 509 2867 Sullam
531 2806 653 2866 venisse
673 2804 703 2865 in
718 2806 833 2866 Italiam
854 2821 915 2864 non
938 2802 1035 2864 bellil

62 2892 196 2964 ndicem,
209 2892 266 2950 sed
278 2891 363 2965 pacis
376 2897 547 2951 auctorem=
558 2896 716 2950 caniacum
730 2890 831 2965 quiete
843 2887 1009 2948 exercitum

61 2990 86 3034 er
107 2974 277 3034 Calabriam
298 2972 504 3048 Apuliamque
526 2989 594 3033 cum
616 2973 764 3046 singulari
784 2987 858 3031 cura
878 2973 1008 3043 frugum,

61 3075 190 3133 porum,
205 3057 376 3129 hominurn,
396 3056 517 3116 urbium
530 3058 675 3132 perduxit
688 3055 719 3115 in
735 3053 929 3128 Campaniam
943 3060 1007 3110 ten-

61 3143 167 3217 uitque
180 3141 269 3201 iustis
284 3141 403 3215 legibus
415 3139 558 3214 etaequis
566 3139 798 3201 condicionibus
807 3138 918 3197 bellum
926 3150 1008 3193 com-

61 3241 165 3294 nnere;
188 3225 245 3285 sed
260 3225 298 3284 iis
314 3224 425 3298 quibus
440 3230 470 3283 et
485 3222 620 3298 pessima
634 3232 665 3284 et
678 3221 841 3284 immodica
857 3216 1007 3293 cupiditas

61 3315 112 3380 rat,
128 3325 192 3369 non
209 3314 329 3381 poterat
344 3325 404 3383 pax
420 3309 553 3382 placere.
582 3306 747 3366 Crescebat
762 3304 882 3364 interim
894 3303 924 3361 in
941 3301 1036 3361 diesl

61 3392 137 3452 ullae
152 3392 305 3452 exercitus
321 3390 546 3451 confluentibus
561 3391 688 3450 adeum
708 3388 822 3464 optimo
840 3401 964 3462 qunque
979 3389 1009 3443 et

61 3475 208 3536 missimo.
236 3474 330 3534 Felici
345 3475 456 3534 deinde
472 3473 552 3534 cirea
559 3473 693 3549 Capuam
708 3481 819 3533 eventu
833 3468 1008 3545 Scipionem
