2340 3946
243 234 453 296 HISTORIAE
473 232 666 295 ROMANAE
689 233 729 307 ΙΙ,
751 240 795 295 30.
810 240 855 293 31.
997 226 1038 291 33

10 400 17 441 ⁵
46 398 140 452 retur
156 387 233 449 inter
246 388 380 447 maxima
398 387 565 447 incivitate
587 387 683 446 libera
697 387 883 462 dominaque
903 385 1039 460 gentium

11 482 20 523 ὲ
47 470 218 548 indignari,
233 486 302 532 cum
318 471 416 531 omnis
431 470 508 531 civis
522 472 588 530 iure
600 470 726 530 haberet
737 485 838 544 pares,
853 485 1038 544 quemquam

10 567 22 607 t
49 557 220 631 aequalem
235 553 380 630 dignitate
395 553 584 629 conspicere.
611 552 667 612 illc
681 570 700 613 a
714 560 786 628 loga
798 553 876 613 virili
891 554 1038 614 adsuetus
1053 558 1070 611 3

10 635 22 691 't
49 639 233 702 commilitio
256 636 487 713 prudentissimi
507 637 610 709 ducis,
633 637 768 712 parentis
789 637 851 711 sui,
871 636 988 697 bonum
1010 644 1040 696 et

10 725 17 775 l
50 740 162 799 capax
174 729 258 782 recta
272 721 411 782 discendi
425 721 578 796 ingenium
593 720 740 795 singulari
754 737 855 780 rerum
866 719 1039 780 militarium

10 802 21 859 Ξ
49 807 220 884 prudentia
239 807 430 878 excoluerat,
459 812 492 865 ut
511 821 530 864 a
549 804 684 865 Sertorio
704 803 844 865 Metellus
865 804 1040 864 laudaretur

10 902 21 942 t
50 890 176 965 magis,
196 888 360 965 Pompeius
376 889 530 951 timeretur
543 888 684 948 validius.

10 987 20 1026 r
141 973 233 1033 XXX.
261 972 323 1012 ***
342 974 417 1033 Tum
430 972 471 1032 Μ.
486 973 640 1047 Perperna
662 968 849 1047 praetorius,
874 987 892 1030 e
907 971 1069 1045 prosam-1
1158 1010 1161 1017 ·

10 1068 20 1111 t
53 1059 130 1134 ptiS,
148 1057 246 1132 gentis
262 1056 400 1118 clarioris
418 1073 507 1132 quam
520 1054 620 1129 animi,
638 1055 804 1116 Sertorium
819 1052 897 1115 inter
912 1069 1040 1116 coenam

10 1152 19 1194 1
54 1141 161 1202 Oscae
182 1139 331 1202 interemit
344 1141 555 1216 Romanisque
575 1146 688 1200 certam
707 1138 880 1211 victoriam,
901 1139 1039 1213 partibus

10 1222 20 1277 ι’
55 1225 128 1287 suis
144 1224 304 1298 excidium,
320 1225 377 1286 sibi
392 1224 599 1301 turpissimam
613 1230 741 1284 mortem
752 1222 889 1298 pessimo
901 1229 1040 1283 auctora·

10 1319 18 1360 !
55 1311 104 1371 vit
118 1308 264 1370 facinore.
285 1309 425 1370 Metellus
438 1318 468 1370 et
478 1306 642 1383 Pompeius
655 1323 694 1367 ex
705 1307 862 1382 Hispaniis
874 1307 1039 1381 triumpha·
1054 1316 1071 1368 a

10 1403 20 1442 t·
57 1399 185 1463 verunt,
202 1393 260 1452 sed
270 1393 443 1469 Pompeius,
459 1393 518 1454 hoc
531 1407 655 1468 quoque
666 1392 819 1466 triumpho
831 1390 931 1451 adhuc
943 1405 1040 1466 eques

10 1478 21 1547 t
56 1479 228 1550 Romanus,
241 1483 310 1536 ante
321 1478 402 1537 diem
415 1493 505 1551 quam
516 1478 708 1536 consulatum
719 1475 816 1549 iniret,
832 1491 922 1535 curru
933 1476 1040 1535 urbem

10 1558 21 1623 55:
57 1561 202 1621 invectus
212 1567 273 1620 est.
296 1560 391 1632 Quem
404 1561 503 1619 virum
519 1559 586 1635 quis
602 1575 664 1618 non
679 1559 803 1618 miretur
816 1574 871 1633 per
885 1565 929 1618 tot
942 1565 1041 1617 extra-
1056 1565 1073 1619 3

13 1634 25 1661 ''
58 1643 221 1706 ordinaria
240 1644 367 1717 imperia
387 1645 418 1702 in
438 1659 588 1702 summum
608 1641 762 1716 fastigium
777 1647 915 1700 evectum
935 1640 1040 1715 iniquo

57 1727 174 1790 tulisse
189 1724 289 1786 animo
306 1726 336 1785 C.
353 1725 493 1787 Caesaris
507 1726 537 1784 ln
553 1726 648 1786 altero
665 1726 825 1786 consulatu
844 1723 977 1799 petendo
993 1739 1040 1783 se-

10 1850 14 1885 ,
58 1815 167 1870 natum
184 1811 394 1883 populumque
407 1810 577 1870 Romanum
592 1809 740 1869 rationem
754 1807 882 1867 habere:
903 1807 982 1869 adeo
998 1808 1012 1866 f
1030 1839 1041 1849 -

10 1898 13 1919 ³
59 1893 181 1954 miliare
201 1900 249 1953 est
272 1892 446 1953 hominibus
469 1891 570 1952 omnia
594 1890 654 1953 sibi
678 1892 853 1968 ignoscere,
880 1889 952 1950 nihil
973 1891 1041 1952 aliis

59 1976 230 2050 remittere,
252 1983 283 2035 et
296 1975 441 2035 invidiam
455 1993 556 2037 rerum
576 1993 637 2038 non
657 1978 696 2037 ad
717 1991 842 2036 causam
863 1974 920 2034 sed
935 1974 974 2033 ad
987 1990 1040 2034 vo-

60 2061 210 2121 luntatem
223 2075 439 2135 personasque
454 2060 594 2136 dirigere.
619 2061 686 2122 Hoc
702 2063 864 2120 consulatu
876 2058 1041 2132 Pompeius
1056 2070 1074 2123 l

60 2143 254 2204 tribuniciam
278 2149 459 2218 potestatem
486 2145 630 2218 restituit,
659 2144 745 2204 cuius
771 2143 855 2205 Sulla
880 2142 1041 2216 imaginem

60 2229 128 2289 ciac
149 2244 183 2288 re
202 2227 374 2302 reliquerat.
404 2228 482 2287 Dum
497 2227 702 2289 Sertorianum
723 2227 835 2289 bellum
850 2228 881 2286 in
895 2225 1043 2301 Hispania
1057 2239 1073 2291 5

10 2342 14 2347 -
63 2310 193 2386 geritur,
209 2310 370 2384 sexaginta
385 2317 527 2384 quattuor
541 2311 657 2385 fugitivi
671 2328 688 2371 e
702 2312 775 2372 ludo
791 2310 971 2386 gladiatorio
988 2311 1043 2371 Ca-

62 2410 129 2471 pua
144 2394 353 2468 profugientes
369 2393 449 2454 duca
463 2393 611 2469 Spartaco
627 2395 722 2469 raptis
738 2410 777 2454 ex
792 2410 829 2455 ca
843 2395 919 2455 urbe
933 2394 1042 2469 gladiis

62 2478 165 2554 primo
180 2479 349 2538 Vesuvium
364 2486 497 2539 montem
511 2478 642 2553 petiere,
664 2494 736 2539 mox
751 2483 909 2538 crescente
929 2477 959 2536 in
976 2476 1042 2538 dies

63 2561 257 2622 multitudine
274 2562 420 2637 gravibus
440 2562 597 2637 variisque
617 2560 740 2622 casibus
756 2561 898 2621 adiecere
912 2561 1041 2630 ltaliam;

66 2660 199 2721 quorum
213 2661 357 2707 numerus
371 2645 401 2706 in
416 2652 532 2706 tantum
546 2645 695 2720 adulavit,
716 2653 749 2707 ut
765 2661 825 2721 qua
839 2644 942 2706 ultima
957 2643 1042 2703 dimi-

64 2743 178 2789 cavere
192 2729 273 2804 acie,
282 2737 410 2790 centum
426 2738 457 2791 et
470 2728 575 2806 viginti
589 2727 671 2790 milia
684 2729 839 2792 hominum
854 2745 889 2789 se
903 2730 1042 2789 Romano

63 2810 215 2873 exercitui
226 2814 438 2888 opposuerint.
454 2810 557 2875 'Huius
571 2813 678 2888 patrati
688 2812 787 2889 gloria
797 2829 894 2889 penes
904 2813 945 2873 Μ.
955 2813 1042 2873 cras·

55 2911 136 2957 sum
151 2897 221 2967 fuit,
243 2913 316 2959 mox
330 2897 631 2973 reipublicae-omnis
647 2897 826 2974 principem.

30 2992 33 2997 '
145 2979 250 3040 XXXI.
282 2981 481 3042 Converteral
493 2981 544 3041 cn.
558 2980 683 3056 Pompei
705 2997 839 3056 persona
852 2986 948 3041 totum
962 2979 993 3038 in
1008 2992 1044 3037 se
1059 2980 1071 3033 1

10 3112 12 3117 .
63 3071 216 3125 terrarum
231 3065 336 3126 orbem
351 3073 380 3126 et
395 3081 450 3140 per
465 3063 566 3125 omnia
587 3064 684 3125 maior
703 3069 765 3126 cicc
784 3062 966 3132 habebatur;
991 3059 1044 3136 qui

10 3174 17 3217 ·,
66 3162 137 3209 cum
160 3150 269 3209 consul
290 3165 439 3224 perquam
459 3147 650 3208 laudabiliter
671 3149 803 3210 iurasset
823 3162 858 3208 se
878 3145 910 3206 in
931 3145 1043 3205 nullam

10 3224 14 3305 ξ
65 3229 256 3306 provinciam
267 3248 307 3292 ex
316 3248 354 3293 ec
367 3233 543 3307 magistratu
556 3229 667 3291 iturum
682 3232 776 3308 idque
791 3235 956 3304 servasset,
972 3234 1044 3304 post

10 3310 14 3381 ἑ
65 3311 223 3376 biennium
237 3315 274 3375 A.
288 3314 438 3376 Gabinius
453 3313 592 3375 tribunus
612 3315 711 3389 legem
731 3314 811 3390 tulit,
835 3321 869 3375 ut
884 3329 952 3373 cum
972 3312 1043 3372 belli

10 3408 14 3429 ²
66 3412 167 3470 more,
183 3414 246 3460 non
260 3399 501 3472 latrociniorum,
523 3398 628 3456 orbem
643 3399 795 3461 classibus
809 3399 883 3472 iam,
905 3413 966 3457 non
982 3395 1043 3456 fur·

107 3481 231 3541 Vatum.
248 3481 376 3542 Parcae.
859 3489 878 3544 3
