2340 3946
262 240 472 303 HISTORIAE
493 241 686 303 ROMANAE
707 244 749 319 ΙΙ,
771 252 815 308 90.
922 288 928 300 -
990 246 1033 308 69

61 393 227 464 assessim
253 395 338 468 leges
353 393 532 454 emendatae
546 393 672 467 utiliter,
687 395 767 455 latae
781 397 958 469 salubriter;
981 414 1030 458 se-

64 487 137 541 atus
154 476 221 538 sine
236 477 416 552 asperitate,
440 493 498 537 nec
513 477 580 538 sinc
596 479 759 540 severitate
780 482 888 542 lectus.
916 481 1031 542 Princi—

64 581 102 626 es
128 563 187 623 viri
214 559 440 637 triumphisque
466 568 498 622 et
521 562 718 637 amplissimis
745 563 915 625 honoribus
937 566 1030 626 iuncti

63 653 168 710 ortatu
183 643 332 723 principis
346 645 387 706 ad
403 646 570 726 ornandam
590 646 697 706 urbem
718 647 819 708 inlecti
838 657 917 709 sunt.
952 648 1029 710 Con·
1045 657 1062 710 5

61 733 166 792 ulatus
180 729 389 790 tantummodo
404 745 506 806 usque
527 730 567 790 ad
588 731 798 806 undecimum,
825 749 916 808 quem
934 736 1029 795 conti-

62 815 284 888 uaretcaesar‚
301 830 370 874 cum
384 830 480 890 saepe
492 812 634 875 obnitens
646 823 859 890 repugnasset,
875 818 1029 892 impetrari

61 900 161 962 otuitz
186 914 257 959 nam
282 898 463 960 dictaturam
490 915 580 974 quarn
608 899 802 974 pertinaciter
823 901 851 960 ei
873 901 1030 962 deferebat

61 985 199 1061 opulus,
223 989 283 1044 tarn
308 989 484 1043 constanter
505 983 626 1057 repulit.
657 984 744 1043 Bella
765 985 823 1045 sub
845 985 1060 1059 imperatores

61 1075 134 1130 ’esta
148 1075 341 1143 pacatusque
358 1066 495 1127 victoriis
510 1073 659 1127 terrarum
675 1067 759 1127 orbis
771 1075 801 1129 et
815 1075 859 1129 tot
873 1075 961 1128 extra
971 1069 1027 1130 lta-

61 1168 114 1214 ‚am
129 1151 275 1226 domique
290 1165 387 1225 opera
402 1167 492 1211 omne
512 1151 580 1210 aevi
601 1151 650 1212 sui
667 1151 799 1227 spatium
819 1153 1029 1227 impensurum

61 1255 75 1298 n
90 1236 122 1297 id
138 1237 239 1297 solum
255 1251 335 1312 opus
352 1235 531 1311 scriptorem
553 1235 693 1310 fatigent:
715 1252 773 1297 nos
788 1252 940 1297 memores
956 1254 1028 1312 pro·

61 1320 192 1383 essionis
203 1319 379 1380 universam
394 1319 554 1395 imaginem
570 1320 760 1395 principatus
774 1321 840 1382 eius
855 1320 951 1381 oculis
965 1321 1028 1381 ani-

61 1403 167 1481 nisque
183 1403 379 1464 subierimus.

128 1486 189 1549 XC.
213 1485 364 1563 sepultis,
389 1494 424 1548 ut
442 1487 668 1562 praediximus,
688 1489 776 1549 bellis
794 1489 934 1549 civilibus
957 1500 1059 1551 coa-1

61 1572 297 1647 ascentibusque
318 1571 507 1646 reipublicae
532 1571 677 1631 membris
703 1580 735 1631 ut
756 1573 926 1633 concordia
944 1572 1029 1633 inva-

61 1673 145 1730 uere,
186 1671 266 1732 quae
301 1662 362 1715 tam
397 1658 489 1730 longa
520 1671 674 1715 armorum
704 1655 802 1714 series
830 1655 1027 1727 laceraverat,

61 1739 193 1802 telmatia
218 1755 316 1801 annos
341 1736 447 1814 viginti
472 1746 501 1801 et
526 1739 676 1799 ducentos
701 1737 823 1798 rebellis
850 1739 889 1797 ad
915 1745 1029 1798 certam

61 1823 275 1886 toniessionem
294 1831 405 1899 pacata
425 1830 473 1883 est
493 1821 617 1898 imperi;
642 1823 739 1897 Alpes
766 1823 839 1883 ieris
864 1823 1029 1898 multisque

61 1908 222 1969 rationibus
245 1908 384 1968 celebres
406 1907 610 1982 perdomitam
636 1908 804 1982 Hispaniae
826 1923 907 1966 nunc
929 1907 1028 1983 ipsius

61 1993 234 2066 rraesentia,
255 2007 336 2052 nunc
350 1992 522 2067 Agrippae,
545 2007 635 2065 quem
656 2007 757 2067 usque
773 1989 940 2051 intertium
956 2007 1028 2050 con·
1105 2064 1108 2068 ι

61 2077 177 2136 ruletum
198 2081 228 2135 et
246 2091 320 2135 mox
342 2076 503 2150 collegium
523 2074 702 2136 tribuniciae
723 2075 882 2151 potestatis
899 2074 1030 2134 amicitia

61 2159 195 2235 principis
208 2165 362 2232 evexerat,
375 2161 468 2220 multo
480 2159 629 2235 varioque
635 2159 732 2219 Marte
744 2166 881 2234 pacatae.
904 2158 937 2218 ln
950 2173 1029 2234 quas
1043 2173 1059 2224 2

61 2243 222 2303 trovincias
238 2258 306 2303 cunr
327 2243 411 2305 initio
427 2241 572 2318 Scipione
588 2251 617 2302 et
632 2241 815 2319 Sempronio
830 2244 937 2318 Longo
954 2258 1027 2303 con·

61 2326 166 2386 tulibus
188 2326 284 2401 primo
306 2343 387 2388 anno
409 2327 537 2386 secundi
558 2325 630 2386 belli
647 2326 768 2400 Punici,
795 2326 907 2387 abhinc
928 2342 1027 2388 annos

61 2408 196 2471 lucentcs
220 2410 452 2487 quinquaginta,
478 2409 607 2470 Romani
635 2410 787 2470 exercitus
811 2410 898 2470 missi
923 2417 1029 2471 essent

61 2491 125 2554 luce
141 2495 192 2554 Cn.
209 2494 372 2571 Scipione,
393 2492 531 2554 Africani
546 2498 669 2569 patruo,
691 2508 747 2568 per
763 2508 862 2553 annos
878 2493 1027 2554 ducentos

61 2577 138 2638 nbis
154 2580 247 2641 multo
259 2586 426 2654 mutuoque
440 2577 483 2639 ita
494 2584 640 2638 certatum
655 2584 702 2637 est
716 2576 874 2652 sanguino,
889 2584 924 2636 ut
937 2576 1028 2638 arnis·

61 2661 91 2720 tis
113 2662 221 2738 populi
240 2663 370 2725 Romani
393 2661 631 2739 imperatoribus
653 2659 905 2736 exercitibusque
932 2674 1029 2735 saepe

61 2747 243 2818 tontumelia,
258 2762 479 2821 nonnunquam
494 2747 584 2806 etiam
598 2746 767 2820 periculum
781 2746 921 2807 Romano
936 2745 1028 2806 inier-

61 2836 126 2890 ·etur
143 2830 281 2904 imperio.
316 2829 390 2888 lllae
413 2829 493 2888 enim
513 2828 691 2905 provinciae
706 2828 869 2904 Scipiones
886 2838 1060 2892 consum-b

61 2920 189 2981 rserunt;
217 2911 288 2972 illae
313 2911 535 2972 contumelioso
561 2912 668 2971 decem
695 2928 842 2973 annorum
867 2912 948 2974 bello
970 2914 1028 2973 sub

61 2994 123 3059 luce
139 2994 280 3058 Viriatho
296 2993 429 3054 maiores
443 2998 568 3054 nostros
582 2987 801 3065 exercuerunt3
822 2994 892 3055 illae
913 3004 1029 3056 terrore

61 3077 217 3142 lumentini
232 3078 304 3141 belli
320 3078 469 3156 populum
480 3078 651 3138 Romanum
667 3084 905 3147 concusserunt;
923 3077 953 3138 in
968 3078 1028 3139 illIs

61 3179 134 3241 urpo
149 3166 183 3239 Q.
196 3165 323 3239 Pompei
339 3163 449 3224 foedus
469 3161 652 3237 turpiusque
665 3159 798 3221 Mancini
818 3167 944 3221 senatus
959 3177 1029 3222 cum

61 3246 213 3320 gnominia
228 3247 322 3309 dediti
341 3245 535 3322 imperatoris
549 3245 691 3316 rescidit;
713 3245 764 3305 illa
784 3250 830 3306 tot
845 3242 1028 3318 consularis,

62 3340 91 3392 ot
105 3331 277 3410 praetorios
295 3331 467 3407 absumpsit
482 3331 577 3390 duces
592 3336 776 3406 patrumque
791 3336 889 3390 aetate
910 3328 941 3390 in
963 3334 1028 3388 tan·

62 3431 109 3476 urn
123 3414 293 3478 Sertorium
314 3416 406 3476 armis
422 3413 542 3489 extulit,
563 3422 597 3474 ut
617 3429 673 3490 per
694 3412 933 3490 quinquennium
948 3410 1022 3474 diiu-

61 3494 143 3561 licari
164 3516 226 3561 non
247 3500 393 3577 potuerit,
419 3497 566 3576 Hispanis
580 3495 769 3560 Romanisne
789 3497 821 3557 in
841 3496 934 3558 armis
957 3496 1030 3572 qlus
