2370 3946
138 202 180 268 78
413 199 453 258 Μ.
475 197 616 259 VELLEI
636 197 853 260 PATERCULI

106 355 194 415 aviri
215 354 298 412 claro
320 350 495 426 celebrIque
515 350 677 410 consulatu
698 348 918 423 praediximus.
949 350 1024 409 Anni

138 437 256 498 aestiva
270 449 371 510 usque
386 434 415 493 in
437 449 572 493 mensem
590 433 789 493 Decembrem
809 433 960 511 producta
979 435 1024 493 inn

104 529 122 582 3
136 522 373 581 emolumentum
384 518 486 579 fecere
495 516 648 579 victoriae.
668 516 768 583 Pietas
780 517 1024 593 suaCeesaremi

138 601 302 665 obstructis
318 601 418 662 hieme
428 601 558 677 Alpibus
573 602 603 661 in
617 601 724 661 urbem
740 601 831 662 traxit
837 626 850 672 ;.
862 608 892 663 at
905 603 999 663 tutela
1012 602 1022 660 i

137 704 207 750 eum
221 686 302 748 veris
324 685 408 747 initio
429 684 552 747 reduxit
571 685 603 745 in
618 684 824 761 Germaniam,
846 686 879 745 in
901 684 1024 745 cuiusn

136 772 248 833 finibus
263 771 303 831 ad
318 776 412 847 capul
423 766 540 847 Lupiae
554 767 688 829 fluminis
702 768 830 830 hiberna
845 768 1022 844 digrediens

137 871 212 932 ceps
228 856 393 917 locaverat.

111 948 127 999 1
219 939 294 1000 CVI.
312 939 371 999 Pro
388 938 429 998 dii
442 935 525 1008 boni,
542 936 647 1012 quenti
660 936 824 998 voluminis
837 952 932 1012 opera
945 936 1024 996 inse<

137 1030 254 1087 aestate
276 1024 334 1084 sub
356 1023 435 1083 duce
449 1020 569 1082 Tiberio
586 1019 718 1082 Caesare
738 1021 905 1096 gessimus!
932 1019 1024 1080 Perlu

137 1109 229 1170 armis
243 1113 308 1168 tota
323 1104 483 1167 Germania
498 1111 560 1178 est,
583 1105 680 1166 victae
699 1111 807 1180 gentes
829 1119 930 1181 paene
945 1105 1024 1166 nomi

137 1191 324 1268 incognitae,
345 1196 488 1264 receptae
503 1187 693 1249 Cauchorum
713 1188 869 1249 nationem
891 1187 990 1249 omnis
1013 1204 1024 1247 ε

137 1276 280 1337 iuventus
295 1274 411 1334 infinita
424 1287 567 1345 numero,
582 1273 731 1334 immensa
746 1272 944 1348 corporibus,
959 1272 1022 1333 situ

137 1376 205 1420 rum
218 1356 368 1439 tutissima
382 1355 500 1418 traditis
515 1357 607 1417 armis
626 1373 688 1418 una
708 1372 777 1417 cum
797 1355 928 1419 ducibus
950 1356 1015 1417 suis

137 1442 263 1516 fulgenti
278 1447 456 1517 armatoque
471 1441 596 1502 militum
615 1448 790 1502 nostrorum
804 1442 925 1516 agurine
939 1448 1024 1502 ante,

105 1526 245 1591 aratoris
262 1525 426 1603 procubuit
435 1524 580 1602 tribunal.
602 1524 701 1586 Fraeti
711 1525 921 1601 Langobardi,
936 1541 1013 1599 gens

23 1678 27 1686 ,
139 1611 288 1672 Germana
303 1610 420 1671 feritate
441 1609 587 1680 ferculum
610 1609 743 1686 denique
760 1609 844 1685 quod
858 1625 1015 1684 nunquam

137 1711 195 1771 spe
210 1701 408 1769 conceptum,
423 1695 537 1755 nedum
552 1709 647 1769 opere
662 1699 806 1754 tentatum
821 1700 901 1765 erat,
918 1693 958 1752 ad
975 1711 1024 1768 qur

136 1779 338 1853 gentesimum
358 1777 517 1838 miliarium
539 1776 678 1839 aRbeno
700 1793 801 1852 usque
822 1778 862 1836 ad
878 1775 1024 1836 llumenl

138 1862 190 1935 qui
202 1860 390 1921 Semnonum
402 1860 746 1935 Hermundurorumque
760 1861 832 1921 finis
847 1858 1023 1936 praeterflui

104 1956 245 2009 tmanus
268 1958 336 2002 cum
357 1941 453 2016 signis
477 1943 645 2016 perductus
667 1943 830 2004 exereitus.
863 1944 899 2002 El
914 1945 1024 2003 eodem

137 2027 280 2088 felicitate
294 2033 325 2086 et
340 2041 414 2086 cura
427 2025 514 2085 ducis
534 2032 768 2100 temporumque
783 2026 981 2087 observantia
1000 2029 1024 2088 cl

138 2127 217 2187 qnae
233 2108 346 2170 Oceani
363 2108 677 2182 circumnavigaverat
691 2109 794 2184 sinuS,
816 2109 854 2172 ab
876 2111 1013 2172 inaudito

136 2194 291 2268 incognito
313 2199 383 2252 ante
404 2191 481 2252 mari
502 2190 628 2253 flumine
641 2193 712 2255 Albi
734 2194 897 2267 subvecta,
921 2195 1024 2269 plurin

136 2276 271 2352 gentium
285 2275 498 2338 victoriacum
518 2275 782 2340 abundantissima
801 2295 902 2339 rerum
917 2279 1023 2340 omniu

137 2361 189 2436 pie
203 2360 351 2422 exercitui
366 2360 553 2440 Caesarique
568 2377 603 2422 se
616 2361 723 2423 iunxit.

105 2462 120 2515 1
218 2445 306 2505 CVII.
335 2446 402 2507 Non
417 2452 554 2521 tempero
570 2445 657 2521 mihi,
682 2447 754 2522 quin
770 2453 871 2507 tantae
885 2461 988 2505 rerum
1003 2464 1024 2505 n

136 2529 232 2592 tudini
252 2529 327 2605 hoc,
354 2532 567 2606 qualecunque
587 2537 648 2603 est,
673 2530 816 2590 inseram.
850 2530 923 2590 cum
946 2528 1023 2589 citer

135 2614 234 2690 ripam
249 2614 397 2689 praedicti
417 2611 552 2674 fluminis
567 2613 676 2674 castris
692 2628 935 2688 occupassemus
951 2621 981 2673 et
993 2615 1024 2677 ul

136 2703 252 2758 armata
263 2696 400 2757 hostium
412 2698 568 2757 iuventute
583 2695 711 2770 fulgeret
725 2696 783 2756 sub
799 2712 919 2758 omnem
933 2703 1024 2758 motu

136 2785 267 2840 strarnm
287 2778 411 2839 navium
431 2777 571 2853 protinus
592 2779 819 2855 refugientium,
840 2797 920 2842 unus
942 2797 959 2840 e
979 2781 1024 2842 ba:

136 2868 235 2922 aetate
263 2861 382 2935 senior,
415 2877 546 2937 corpore
574 2865 745 2937 excellens,
778 2863 938 2940 dignitate,
972 2882 1024 2940 qur

136 2945 319 3009 ostendebat
339 2946 453 3018 cultus,
481 2943 634 3022 eminens,
659 2954 813 3022 cavatum,
838 2956 872 3009 ut
891 2947 950 3008 illis
971 2964 1021 3009 mo

136 3046 176 3091 ex
196 3029 323 3092 materia
343 3030 524 3091 conscendit
544 3032 664 3092 alveum
685 3033 835 3108 solusque
856 3033 887 3092 id
902 3030 1024 3107 navigii

135 3121 311 3190 temperans
326 3114 367 3174 ad
380 3111 514 3175 medium
530 3115 683 3190 processit
696 3113 832 3176 fluminis
847 3122 877 3175 et
891 3115 991 3192 petiit,
1014 3117 1024 3175 l

136 3196 195 3259 sibi
209 3198 277 3258 sine
291 3197 430 3274 periculo
444 3197 474 3258 iu
490 3212 557 3259 eam
573 3216 663 3274 quam
678 3199 770 3260 armis
791 3200 986 3274 tenebamus,
1014 3216 1024 3260 ε

103 3281 233 3358 aripun
255 3297 292 3343 ac
311 3282 418 3343 videre
433 3282 604 3344 Caesarem.
635 3284 713 3345 Data
733 3283 847 3359 petenti
868 3285 1008 3347 facultas.

136 3366 269 3442 adpulsu
284 3365 373 3428 lintre
388 3373 418 3427 et
433 3367 486 3428 diu
499 3367 609 3429 tacitus
625 3368 846 3442 contemplatus
862 3367 1024 3430 Gaesarem

137 3457 201 3512 stra
220 3449 359 3526 quidem,
384 3450 497 3528 inquit,
521 3451 591 3513 furit
609 3448 769 3525 iuventus,
790 3468 870 3527 quae
892 3469 961 3515 cum
982 3468 1021 3511 ve
