2370 3946
157 219 178 287 8
426 220 466 279 Μ.
486 220 630 285 vatam
650 221 866 284 PATERCULI

128 375 253 437 aritatis
268 389 385 449 poenas
408 373 500 434 dedit.
538 373 657 448 Quippe
673 373 705 446 Q.
721 373 861 434 Metellus
878 381 1014 448 praetor,
1032 375 1135 436 euiex

158 459 268 520 virtute
291 455 483 517 Macedonici
508 473 619 517 nomen
645 456 787 527 inditum,
822 459 979 531 praeclara
1008 460 1135 521 uictoria

157 542 258 616 ipsum
273 547 456 617 gentemque
469 541 626 616 superavit
647 547 676 599 et
690 541 812 600 immani
827 542 916 601 etiam
928 542 1072 602 Achaeos
1087 559 1135 602 re·

126 625 269 684 ibeilare
288 623 462 699 incipientis
483 625 560 684 ludit
574 623 649 683 acie.
676 623 732 682 Hie
747 624 943 685 estMetellus
958 625 1134 686 Macedoni·

157 724 227 781 cuS,
242 706 294 782 qui
306 709 456 782 porticus,
465 723 549 782 quae
561 708 646 766 fuere
658 707 861 767 circumdatae
873 708 992 767 duabus
1005 709 1133 769 aedibus

156 792 223 852 sine
240 791 438 867 inscriptione
453 792 577 866 positis,
604 806 683 865 quae
707 807 788 851 nunc
804 789 945 851 Octaviae
966 792 1133 866 porticibus
1177 826 1179 831 <

155 873 335 948 ambiuntur,
343 878 465 948 lecerat,
473 875 977 950 quiquehancturmamstatuarum
985 877 1134 950 equestri·

155 975 221 1032 urn,
249 975 328 1034 quae
350 961 477 1018 frontem
501 959 621 1017 aedium
632 965 785 1032 spectant,
802 958 956 1032 hodieque
967 959 1132 1020 maximum

126 1036 366 1104 4ornamentum
380 1043 446 1102 eius
458 1041 517 1100 loci
529 1057 568 1100 ex
578 1041 759 1101 Macedonia
770 1041 883 1102 detulit
914 1042 1005 1102 Cuius
1017 1049 1134 1103 turrnae

154 1126 233 1186 hane
249 1142 373 1185 causam
388 1126 537 1198 relerunt‚
552 1124 909 1199 MagnumAlexandrum
920 1126 1101 1199 impetrasse
1116 1140 1133 1184 a
1173 1196 1176 1202 Ι

154 1209 311 1287 Lysippo,
326 1208 472 1282 singulari
487 1209 589 1268 talium
601 1217 725 1269 auctore
737 1224 879 1283 operum,
895 1216 1039 1268 uteorum
1048 1210 1133 1282 equi·

154 1300 233 1365 tum,
250 1293 302 1366 qni
317 1290 470 1367 exipsius
485 1293 680 1367 turmaapud
696 1292 859 1351 Granicum
879 1290 991 1351 flumen
1013 1291 1132 1352 cecide

154 1382 237 1449 rant,
262 1391 413 1449 expressa
437 1374 633 1436 similitudine
657 1376 822 1449 figurarum
844 1376 958 1434 laceret
972 1382 1087 1435 statuas
1103 1381 1133 1434 et

126 1458 252 1534 dipsius
270 1475 393 1532 quoque
408 1460 445 1519 iis
461 1458 676 1534 interponeret.
702 1460 759 1518 Hic
773 1459 853 1519 idem
868 1459 984 1531 primus
1000 1457 1133 1518 omniurn

154 1543 272 1602 Rornae
287 1541 395 1602 aedem
410 1559 449 1603 ex
463 1559 613 1603 marmore
628 1544 658 1602 in
674 1543 711 1603 iis
731 1543 808 1617 ipsis
824 1541 1027 1602 monumentis
1048 1542 1133 1600 moli·

126 1626 220 1699 dtus,
246 1627 295 1686 vel
317 1625 559 1700 magnificentiae
581 1628 632 1686 vel
655 1625 794 1687 luxuriae
819 1627 961 1702 princeps
980 1626 1042 1685 luit.
1071 1624 1133 1684 Vix

154 1711 247 1770 ullius
267 1711 383 1784 gentis,
407 1713 527 1783 aetatis,
550 1711 665 1770 ordinis
686 1710 837 1770 hominem
852 1708 1021 1782 inveneris,
1046 1708 1134 1768 euius

155 1794 327 1853 felicitatem
352 1793 491 1854 fortunae
511 1794 623 1853 Metelli
642 1809 820 1868 compares;
848 1809 916 1852 narn
939 1800 1059 1867 praeter
1081 1807 1133 1850 ex·

156 1875 293 1934 cellentis
304 1875 473 1950 triumphos
489 1876 685 1949 honoresque
700 1875 905 1949 amplissimos
921 1882 951 1934 et
965 1875 1135 1948 principale

154 1957 186 2018 in
200 1957 360 2031 republica
374 1958 524 2032 fastigium
539 1963 756 2031 extentumque
773 1958 851 2016 vitae
867 1957 998 2031 spatium
1013 1963 1043 2016 et
1053 1956 1135 2016 acris

155 2039 391 2114 innocentisque
410 2057 465 2114 pro
490 2039 649 2113 republica
671 2056 740 2111 curn
766 2039 894 2099 inimicis
921 2039 1134 2099 contentiones

157 2131 302 2199 quattuor
315 2123 395 2183 lilios
411 2123 546 2194 sustulit,
563 2124 661 2183 omnis
673 2124 795 2183 adultae
807 2124 913 2183 aetatis
928 2122 1017 2193 vidit,
1034 2123 1135 2182 omnis

126 2208 144 2265 'l
151 2207 277 2280 reliquit
288 2207 470 2281 superstites
483 2213 513 2266 et
526 2206 789 2266 honoratissimos.
818 2206 928 2267 Mortui
941 2207 1005 2267 eius
1021 2208 1132 2265 lectum

155 2306 212 2366 pro
232 2289 341 2350 rostris
363 2291 551 2350 sustulerunt
571 2298 713 2364 quattuor
726 2290 795 2365 filii,
817 2288 1088 2351 unus'eonsularis
1104 2296 1136 2349 el

156 2372 332 2447 censorius,
348 2375 422 2433 alter
431 2373 618 2449 consularis,
634 2375 739 2435 tertius
755 2376 878 2450 consul,
895 2381 1020 2449 quartus
1028 2372 1132 2433 candi-

155 2457 244 2517 datus
266 2457 457 2529 consulatus,
482 2463 571 2533 quern
592 2459 740 2521 honorem
759 2461 890 2533 adeptus
912 2465 968 2518 est.
1003 2458 1070 2517 Hoc
1085 2463 1134 2517 est

155 2539 296 2601 niniirum
313 2540 409 2616 magis
427 2542 554 2603 feliciter
569 2543 608 2602 de
622 2544 683 2603 vita
693 2543 825 2616 migrare
841 2558 932 2615 quam
947 2541 1034 2598 mori.

131 2635 143 2686 t
237 2625 300 2685 XII.
344 2625 498 2687 Universa
511 2624 637 2698 deinde,
658 2633 692 2685 ut
706 2624 931 2698 praediximus,
946 2621 1088 2683 instincta
1103 2624 1134 2682 in

73 2772 76 2779 ,
154 2708 266 2767 bellurn
282 2707 414 2780 Achaia,
430 2706 517 2767 cuius
533 2723 606 2782 pars
621 2723 732 2781 magna
746 2707 883 2767 eiusdem
902 2705 1015 2766 Metelli
1029 2706 1131 2766 Mace-

155 2790 256 2849 donici
270 2790 381 2850 vlrtute
395 2790 550 2866 armisque
567 2790 664 2850 fracta
678 2797 757 2859 erat,
779 2789 910 2850 maxime
925 2789 1087 2850 Corinthiis
1102 2791 1133 2848 iu

153 2873 237 2932 arma
252 2888 321 2932 cunr
334 2873 480 2949 gravibus
503 2875 593 2934 etiarn
615 2874 645 2933 in
658 2875 815 2935 Romanos
835 2874 1026 2935 contumeliis
1047 2872 1133 2933 insti-

155 2956 312 3031 gantibus,
335 2959 504 3020 destinatus
525 2958 553 3017 ei
573 2958 654 3017 bello
677 2959 812 3032 gerendo
834 2960 943 3018 consul
959 2955 1134 3016 Mummius.

127 3040 191 3101 alit
207 3041 264 3101 sub
278 3041 358 3100 idern
372 3048 508 3118 tempus,
529 3040 628 3115 magis
650 3042 721 3116 quia
741 3041 884 3103 volebant
897 3042 1026 3101 Romani
1047 3038 1133 3115 quic·

155 3123 229 3199 qaid
237 3125 582 3200 deCartlraginiensibus
591 3126 741 3186 diceretur
748 3125 882 3197 credere,
891 3140 981 3199 quam
991 3123 1062 3199 quia
1069 3138 1121 3184 cre

155 3207 256 3269 denda
269 3207 482 3282 afferebantur,
499 3210 602 3270 statuit
616 3217 742 3270 senatus
756 3207 965 3282 Carthaginem
979 3207 1133 3267 excidere.

126 3290 198 3351 alta
223 3292 332 3352 eodem
356 3299 494 3368 tempore
516 3292 549 3352 P.
567 3293 672 3367 Scipio
685 3292 888 3364 Aemilianus,
914 3293 962 3352 vir
983 3288 1073 3351 avitis
1099 3289 1133 3348 P.

154 3374 290 3436 Africani
305 3375 506 3451 paternisque
516 3377 549 3436 L.
560 3376 646 3436 Pauli
659 3374 822 3436 virtutibus
837 3374 1020 3447 simillimus,
1036 3373 1132 3432 omni-

156 3456 213 3518 bus
225 3459 297 3520 belli
309 3475 344 3520 ac
356 3468 446 3534 togae
458 3460 580 3522 dotibus
591 3459 755 3536 ingenique
766 3473 803 3519 ac
814 3458 985 3518 studiorum
996 3456 1130 3517 eminen-
