2340 3946
253 243 353 293 FRII).
371 241 509 292 HAASII
524 241 755 294 PRAEFATIO.
981 259 1024 296 vn

21 373 62 425 60.
81 373 169 424 consul
181 373 241 434 fuit,
256 375 287 424 de
299 389 349 438 quo
360 375 413 424 vid.
425 375 501 424 inser.
514 373 589 424 5407.
607 376 634 423 in
648 376 737 425 lnscrr.
751 375 794 424 lat.
808 375 904 424 collect.
917 375 968 425 vol.
981 377 1025 425 lll.

10 457 43 506 ng.
56 439 97 492 69.
110 442 143 491 ib.
156 441 267 491 Hennen.
304 441 369 490 lllud
380 442 494 505 mamus,
509 442 577 504 quod
587 443 766 491 Mommsenius
778 443 963 503 animadvertit,
979 442 1024 493 Ca·

10 523 37 557 na
48 507 181 557 anundum
193 508 272 557 videri
283 505 442 557 historiarum
453 509 599 573 scriptorem
615 508 691 571 idque
702 507 812 573 intellegi
823 509 982 574 potissimum
995 525 1027 559 ex

10 576 28 624 b.
42 575 60 633 l,
75 588 96 623 c.
109 573 134 622 7.
147 572 204 623 coll.
217 574 259 624 lib.
273 575 304 633 11,
318 589 339 624 c.
353 573 394 634 76,
409 574 422 623 1
436 582 459 624 et
473 573 513 634 16,
528 574 551 624 1.
564 575 588 624 2.
608 575 702 624 accedit
715 575 746 624 de
764 575 818 624 eius
835 575 928 625 familia
939 575 1027 626 titulus

10 642 114 690 tInscrr.
128 640 158 689 R.
172 639 250 706 Neap.
264 638 338 692 3636.

53 707 89 756 De
102 707 175 756 novis
188 716 271 756 autem
283 707 498 757 emendationibus
511 714 535 756 et
547 708 696 771 quibusdam
708 708 834 757 veteribus
846 708 883 758 sic
893 707 993 759 habeto.

53 771 134 824 nb.
147 771 184 832 1,
197 770 229 833 2,
243 771 269 830 3.
289 788 363 823 voces
380 775 428 824 aed
442 774 483 824 dte
500 776 706 840 insequentesque
719 775 853 824 archontes
864 775 1028 826 Mommsenio

10 839 109 890 elendae
125 841 195 891 visae
211 847 270 890 sunt
285 847 313 889 nt
331 856 345 888 e
360 840 510 904 glossemate
527 848 607 899 ortae,
627 841 748 904 quianon
763 842 863 906 possint
873 856 948 892 voces
960 842 1029 907 apud

10 906 88 958 ltticos
99 908 149 958 nisi
161 922 217 956 cum
228 907 304 958 verbo
316 906 473 972 usurpabant
484 907 610 972 coniungi.
639 907 679 957 Me
692 906 793 971 quidem
804 907 847 956 illa
858 910 934 958 verba
945 910 1028 958 minus

10 973 131 1033 llendunt;
150 973 267 1023 credibile
285 974 351 1023 enim
368 981 406 1023 est
417 973 541 1023 Velleium
557 975 600 1023 ubi
617 974 684 1039 apud
695 974 791 1024 Atticos
804 989 861 1024 esse
872 974 1029 1025 Medontidae
1067 1006 1069 1010 -

10 1039 133 1101 inussit,
152 1041 178 1090 in
194 1039 301 1090 familiae
317 1041 418 1089 nomine
435 1041 552 1090 statuisse
570 1041 697 1104 dignitatis
720 1055 805 1091 messe
827 1041 1028 1107 appellationem.

10 1105 55 1156 lud
77 1122 118 1156 me
139 1107 220 1171 magis
241 1115 337 1167 movet,
363 1107 431 1170 quod
452 1108 508 1172 ipsa
531 1108 608 1157 oratio
631 1105 680 1156 hoc
701 1107 756 1156 loco
780 1122 868 1156 manca
889 1108 989 1157 videtur
1007 1117 1030 1156 et

10 1187 113 1238 repensa
130 1181 154 1223 et
169 1180 266 1239 praeter
289 1174 486 1288 exssectationem
502 1174 536 1224 ibi
553 1173 685 1233 desinens,
709 1175 752 1225 ubi
775 1188 827 1224 non
851 1175 938 1224 credas
962 1174 1030 1224 aliud

10 1241 126 1304 uidquam
137 1241 186 1290 nisi
198 1240 229 1290 de
240 1241 271 1290 iis
283 1255 324 1288 arc
342 1241 442 1291 ontibus
455 1240 504 1289 dici
513 1240 640 1305 potuisse,
665 1241 708 1304 qui
725 1256 782 1290 eum
798 1240 920 1291 honorem
938 1255 989 1292 non
1004 1242 1030 1291 in

9 1304 55 1356 itae
76 1315 176 1373 tempus
199 1315 360 1372 usurparunt.
395 1307 477 1366 Quare
497 1307 612 1372 suspicor
633 1314 713 1357 totum
729 1307 800 1357 illum
817 1308 913 1367 locum,
938 1309 982 1371 qui
1000 1307 1030 1356 da

10 1370 149 1424 rcbontibus
162 1381 199 1423 est
211 1388 265 1439 cap.
278 1371 308 1431 8,
322 1372 354 1438 3„
369 1373 428 1423 hinc
439 1389 495 1423 esse
506 1374 622 1424 avulsum
635 1381 659 1423 et
669 1373 729 1423 illuc
740 1374 899 1434 translatum3
918 1389 968 1438 quo
985 1388 1029 1438 ge·

10 1453 50 1489 ,ere
66 1441 168 1506 saepius
186 1455 243 1490 esse
253 1440 343 1489 Velleii
360 1437 436 1491 libros
455 1441 616 1505 depravatos,
635 1441 685 1489 iam
701 1441 761 1490 olim
778 1441 960 1501 demonstravi;
983 1440 1031 1490 hoc

10 1517 73 1557 amen
84 1507 139 1558 loco
153 1520 204 1556 uon
216 1505 399 1571 neglegentiam
410 1506 496 1557 credas
509 1506 664 1557 librariorum
676 1508 841 1558 accusandam
853 1524 909 1558 esse
921 1507 968 1557 sed
979 1507 1018 1557 lor

10 1582 58 1623 isse
69 1574 183 1624 eiusdem
193 1573 301 1622 hominis
312 1573 438 1622 infelicem
448 1573 609 1633 industriam,
628 1574 671 1636 qui
683 1588 737 1638 cap.
750 1572 779 1632 6,
793 1572 817 1623 6.
836 1575 969 1638 adscripsit
980 1575 1030 1623 Ae-

10 1638 52 1688 ulii
64 1639 144 1690 Surae
155 1640 251 1698 locnm;
268 1641 291 1688 is
308 1640 388 1698 enim,
407 1653 457 1702 quo
476 1645 527 1688 erat
544 1639 720 1702 chronologiae
736 1639 834 1697 studio,
854 1639 926 1688 facile
941 1641 1030 1705 potuit-

11 1710 21 1752 t
31 1712 173 1770 temporum
184 1711 293 1755 servaret
305 1705 425 1763 ordinem,
437 1719 594 1770 cormmpere
606 1706 725 1755 orationis
738 1704 931 1766 cohaerentiam
945 1720 1031 1769 quam·

10 1768 66 1821 ham
83 1781 225 1836 temporum
242 1784 342 1834 quoque
358 1770 470 1820 ordinem
485 1772 540 1836 ipse
551 1771 663 1821 Velleius
681 1772 703 1821 si
721 1772 863 1822 servarein
880 1771 927 1820 hac
942 1787 970 1821 re
988 1786 1031 1822 vo·

10 1836 93 1898 iisset,
118 1837 187 1888 haud
210 1838 285 1887 dubie
308 1851 358 1886 non
381 1845 439 1886 ante
461 1839 507 1888 sed
528 1845 587 1902 post
609 1839 713 1888 Romam
736 1838 861 1888 conditam
883 1838 1031 1888 decennales

10 1903 125 1955 rohontes
144 1912 381 1954 commemoraturus
398 1904 458 1964 fuit;
481 1905 642 1970 interpolator
655 1920 712 1955 vero
725 1920 780 1954 cum
793 1906 826 1955 ibi
839 1906 998 1956 commodum
1011 1906 1033 1954 ei

10 1970 29 2018 ei
39 1971 123 2022 locum
140 1985 190 2021 non
207 1971 339 2036 reperiret,
357 1969 416 2020 fecit
428 1972 496 2034 quod
512 1972 606 2036 potuit,
624 1979 653 2021 ut
665 1971 778 2036 neglecto
792 1979 816 2021 et
826 1972 917 2022 Velleii
929 1972 1033 2022 consilio

10 2039 133 2153 tbexiguo
156 2038 275 2103 temporis
299 2037 441 2088 discrimine
463 2038 571 2101 aliquam
595 2046 662 2088 certe
685 2053 770 2088 curam
791 2038 967 2103 chronologiae
988 2039 1032 2088 ad-

10 2101 22 2150 n
38 2112 96 2154 eret.
121 2105 152 2154 H.

60 2169 91 2231 3,
109 2167 138 2227 2.
163 2170 235 2232 Quod
248 2187 302 2221 cum
319 2172 365 2220 atii
375 2171 488 2235 faciant,
512 2173 605 2236 tragici
617 2172 822 2238 frequentissime
835 2167 948 2237 faciunt]
976 2171 1034 2221 run

10 2238 152 2298 lenticulam,
172 2251 246 2302 quam
262 2238 370 2286 llritzius
386 2239 412 2286 in
430 2237 507 2287 altero
524 2238 663 2288 sententiae
674 2242 783 2288 membro
796 2238 952 2288 adiciendam
968 2238 1033 2287 iudi·

10 2302 137 2373 livia-non
149 2304 314 2353 necessariam
326 2318 395 2362 esse,
409 2317 459 2353 non
470 2311 583 2368 poteram
595 2312 661 2363 tum,
680 2320 737 2353 cum
749 2306 803 2354 eius
816 2305 932 2355 editionis
945 2318 1034 2354 censu·

10 2376 49 2418 am
59 2372 204 2430 scribebam,
219 2384 291 2419 exem
309 2368 339 2418 lis
351 2370 468 2433 probare;
482 2385 549 2418 nunc
559 2369 621 2418 haec
632 2370 748 2420 sulficere
759 2372 888 2422 videntur:
902 2371 961 2422 Sen.
974 2385 1033 2421 con·

10 2440 60 2489 lov.
73 2438 92 2487 1.
110 2436 191 2503 praef.
202 2436 219 2498 S
231 2435 256 2484 2.
286 2384 340 2485 6εά
356 2450 411 2485 eum
427 2439 502 2484 matta
513 2437 561 2484 iam
572 2435 631 2484 milti
641 2451 676 2487 en
687 2451 724 2486 nnc
737 2438 909 2488 desideranda
919 2444 1035 2488 senectus

10 2494 88 2563 doerit
98 2529 133 2541 κ
144 2505 212 2553 inter
223 2517 255 2553 ea
267 2516 331 2568 quae
348 2503 425 2552 retuli
440 2505 558 2552 memoria
568 2507 616 2551 eat.
641 2500 699 2551 Seu.
715 2502 746 2551 de
757 2503 848 2552 beneil.
864 2505 882 2563 I,
897 2504 920 2563 1,
934 2505 958 2553 4.
983 2505 1037 2555 Sed

10 2574 50 2618 bon
60 2573 93 2621 eit
103 2573 130 2620 in
141 2572 205 2635 ipssa
216 2573 309 2620 crimen
321 2572 364 2634 qui
374 2583 405 2618 ne
417 2568 573 2632 confessione
586 2569 683 2633 quidem
693 2570 764 2632 grati
773 2575 844 2627 sunt,
857 2571 883 2618 in
894 2570 965 2619 nobis
978 2586 1036 2635 qno·

10 2634 47 2703 'tae
62 2644 109 2687 eat.
133 2637 190 2686 dial.
204 2638 229 2696 l,
242 2637 271 2696 4,
286 2634 326 2685 16.
353 2635 411 2687 ditm
427 2639 522 2694 omnia,
541 2650 605 2701 quae
617 2640 782 2686 excesserunt
793 2637 900 2695 mann,
921 2642 1035 2694 noceant,

10 2705 206 2759 Periculosum
219 2703 352 2767 felicitatrb
367 2704 561 2768 intemperantia
577 2708 624 2752 est.
648 2701 706 2752 dial.
719 2703 770 2762 XI,
785 2701 829 2762 12,
842 2702 867 2751 4.
885 2719 958 2752 nnnm
974 2703 1037 2752 benc

10 2775 141 2832 nonnose
152 2772 252 2829 uideor,
271 2785 341 2835 quem
353 2768 462 2819 omnibus
474 2771 575 2819 amicum
585 2767 679 2819 dobere
691 2785 743 2819 cnm
755 2770 890 2832 expediat,
909 2771 987 2834 magis
999 2776 1038 2820 ta-

10 2840 53 2885 tten
68 2842 142 2888 ettam
158 2835 226 2887 tibet.
250 2837 307 2886 Tac.
320 2837 386 2886 Anu.
400 2837 448 2896 1v,
462 2835 504 2887 34.
527 2851 629 2901 qaorum
645 2851 688 2886 rea
697 2842 784 2900 gestas
796 2839 964 2901 complurimi
974 2852 1038 2887 com-

10 2900 141 2964 mouerint,
154 2919 224 2954 nemo
236 2905 290 2953 sinc
301 2903 397 2953 nonore
408 2905 559 2953 mennornnit.
582 2902 617 2955 H..

10 2998 12 3003 ·
66 2967 97 3030 8,
115 2969 140 3026 l.
164 2975 320 3033 octingentos
336 2964 399 3034 tris]
421 2969 496 3018 Vetat
512 2969 545 3018 M.
563 2969 653 3018 mutari
670 2983 814 3027 numerum,
839 2970 882 3031 qui
900 2968 978 3017 estin
998 2969 1038 3016 ed.

10 3014 77 3097 bano.
89 3035 589 3100 ncccxxn1.quasmdieianturanni
602 3035 794 3094 ccccxxvii,
809 3048 872 3097 quos
884 3034 969 3099 posen
982 3033 1037 3084 oie-

10 3104 71 3152 tuens
81 3103 275 3163 Alexandrinus,
287 3103 337 3167 ipsi
347 3101 384 3151 illi
395 3101 560 3151 coniiciuntur
570 3103 629 3152 anni
640 3101 735 3162 mcci,
749 3115 812 3165 quos
825 3101 915 3150 deinde
926 3099 1039 3150 Velleius

10 3172 121 3220 numerat.

67 3233 91 3296 9,
103 3234 129 3292 l·
153 3242 180 3286 ut
187 3239 335 3302 pleramque
346 3237 464 3299 sanemur
477 3235 623 3284 Gentium
633 3250 794 3301 magnamque
804 3239 904 3299 partem
917 3233 1041 3284 Graeciae

42 3305 182 3354 societatem
192 3318 262 3352 suurn
272 3303 434 3367 perduceret
459 3301 525 3363 conj,
537 3301 570 3350 Μ.

10 3398 14 3427 1
68 3365 128 3430 9,6
160 3373 199 3420 oet
215 3370 287 3420 modo
302 3370 436 3433 pecuniae,
461 3371 505 3432 qut
518 3367 557 3416 bis
570 3369 649 3417 mitten
664 3369 759 3418 centies
783 3369 885 3418 aerario
908 3368 1041 3418 cantabra
