2340 3946
233 221 443 284 nrsroarnn
463 222 656 322 nonnum
676 224 719 299 11,
741 200 799 286 re(
958 223 1001 288 41

57 381 65 437 t
91 391 233 448 narrare,
255 375 381 452 quidet
406 375 548 452 quotiens
571 391 666 435 ausus
692 375 744 448 sit,
768 383 882 451 quanto
908 393 1004 453 opere

57 467 132 520 nata
147 461 213 519 eius
236 460 287 535 qui
309 459 464 520 obtinebat
478 459 585 520 Asiam
605 459 800 534 magistratus
822 461 929 536 populi
941 462 1003 523 Ro-

57 542 104 603 tni
128 549 211 604 metu
233 558 290 604 suo
312 543 496 605 destituerin
522 543 597 603 illud
618 543 768 604 reseratur
787 544 1004 606 documentum

57 627 93 687 rti
109 643 182 687 mox
197 626 320 687 evasuri
341 627 407 687 viii.
440 626 524 700 Quae
544 642 606 686 nox
627 641 696 687 earn
717 627 798 687 diem
819 635 925 689 secuta
946 636 1035 704 este

57 727 83 771 ‚a
98 710 223 786 publica
238 709 401 771 civitellam
415 711 548 786 pecunia
560 710 739 785 redemptus
755 718 816 785 est,
836 712 878 773 ita
892 719 1002 788 tamen,

61 800 189 869 cogeret
200 800 270 856 ante
281 794 407 856 obsides
422 811 441 854 a
454 793 561 869 piratis
574 793 744 856 civitatibus
757 795 831 868 dari,
848 803 1004 857 contracta

57 893 124 938 Isse
145 884 176 938 et
189 879 327 954 privatus
342 886 373 939 et
384 878 578 939 tumultuaria
598 878 738 940 invectus
759 877 789 937 in
807 895 877 938 eum
891 881 1002 954 Iocum,

66 978 129 1038 quc
144 961 203 1038 ipsi
218 963 392 1038 praedones
407 970 507 1035 erant,
524 969 641 1037 partem
657 962 767 1023 classis
782 963 912 1037 fugavit,
932 979 1001 1039 par·

57 1063 81 1105 n
96 1047 217 1120 mersit,
240 1046 357 1122 aliquot
377 1047 467 1106 navis
482 1048 657 1122 multosque
672 1046 808 1108 mortaIIs
823 1046 919 1121 cepit,
939 1048 1002 1106 lae-

57 1145 134 1206 sque
148 1138 315 1192 nocturnae
326 1128 533 1206 expeditionis
546 1131 699 1206 triumpho
714 1130 755 1191 ad
769 1146 845 1192 suos
860 1138 1002 1192 revectus

57 1220 68 1273 t
88 1215 305 1289 mandatisque
322 1215 496 1288 custodIae,
519 1231 598 1291 quos
621 1221 760 1291 ceperat,
784 1213 814 1273 in
828 1213 1004 1293 Bithyniam

57 1299 158 1359 :rrexit
169 1300 208 1358 ad
220 1303 440 1376 proconsulem
452 1301 578 1362 iuncum
588 1300 679 1378 (idern
692 1299 773 1361 enim
784 1298 892 1360 Asiam
902 1301 1003 1359 etiam·

57 1399 82 1442 m
105 1381 274 1460 obtinebat)
296 1392 424 1459 petens,
445 1391 479 1445 ut
496 1391 605 1446 auctor
626 1385 715 1444 lieret
730 1383 873 1445 sumendi
895 1382 935 1442 de
954 1395 1004 1440 ca-

57 1466 113 1525 Ivis
129 1465 277 1542 supplici,
301 1467 386 1542 quod
401 1481 470 1526 cum
486 1466 537 1525 ilie
552 1483 587 1527 se
602 1468 752 1527 facturum
766 1473 912 1541 negasset
928 1483 1002 1528 ven-

57 1555 217 1624 turumque
232 1550 373 1624 captivos
389 1549 527 1619 dixisset,
542 1549 672 1624 (quippe
687 1551 876 1623 sequebatur
888 1549 1003 1610 Invidia

57 1633 173 1704 ertiam)
194 1631 365 1691 incredibili
381 1631 534 1691 celeritate
554 1637 697 1691 revectus
718 1631 759 1691 ad
779 1647 878 1703 mare,
901 1633 1002 1706 prius-

57 1733 114 1776 Iam
141 1716 179 1775 de
205 1729 242 1774 ea
266 1731 301 1775 re
325 1714 379 1774 ulii
404 1714 599 1788 proconsulis
620 1715 822 1775 redderentur
841 1715 1000 1791 epistulae,

57 1798 121 1859 mis
138 1814 218 1873 quos
234 1806 373 1874 ceperat,
388 1798 507 1858 sulilxit
522 1799 614 1858 cruci.

101 1882 204 1941 XLIII.
230 1883 315 1942 idern
329 1897 402 1941 mox
416 1882 456 1941 ad
470 1881 676 1942 sacerdotium
691 1881 858 1943 ineundum
871 1883 1002 1959 (quippe
1017 1890 1031 1940 1

57 1981 134 2026 sens
154 1965 294 2041 pontifex
314 1967 413 2026 Iactus
434 1973 498 2026 erat
518 1964 548 2026 in
570 1965 675 2027 Cottae
697 1967 867 2027 consularis
890 1967 1001 2040 Iocum,

57 2067 90 2109 m
105 2064 205 2124 paene
224 2065 302 2125 puer
316 2066 335 2109 a
347 2048 444 2109 Mario
460 2049 617 2124 Cinnaque
638 2049 750 2109 flamen
766 2050 855 2110 dialis
870 2056 1000 2123 creatus,

57 2133 147 2193 :toria
161 2131 279 2207 Sullae,
301 2133 352 2209 qui
368 2131 469 2193 omnia
483 2133 522 2192 ab
537 2132 574 2193 iis
590 2140 659 2194 acta
673 2134 789 2194 lecerat
808 2133 907 2208 Irrita,
928 2132 1000 2193 arni-

57 2223 115 2276 rset
128 2214 161 2276 id
172 2217 389 2288 sacerdotium)
402 2217 550 2277 testinans
565 2217 596 2277 in
611 2209 736 2292 ltaliam,
752 2234 791 2277 ne
806 2217 1000 2293 conspicere-

57 2317 102 2361 ra
123 2300 330 2376 praedonibus
352 2299 454 2359 onmia
473 2305 545 2360 tune
560 2301 766 2362 othnentibus
785 2302 881 2362 maria
894 2307 925 2361 et
939 2317 1000 2360 me·

58 2401 75 2444 0
90 2392 152 2444 tam
167 2383 285 2446 inlesos
297 2383 364 2454 sibi,
383 2388 526 2458 quattuor
540 2385 724 2443 scalmorum
738 2400 849 2444 navem
858 2401 921 2446 una
932 2401 1001 2445 cum

57 2469 141 2528 Iobus
162 2467 268 2528 amicis
290 2467 459 2540 decemque
482 2466 580 2527 servis
600 2466 760 2540 ingressus
781 2466 1001 2528 effusissImum

57 2552 165 2612 iriaIIci
180 2551 272 2612 marIs
287 2550 405 2611 traiecit
419 2549 528 2611 sinum.
555 2549 620 2623 Quo
637 2549 760 2625 quidem
775 2550 806 2609 tn
821 2566 914 2610 cursu
929 2562 1032 2612 con-a

60 2636 145 2712 actis,
156 2642 189 2696 ut
199 2636 334 2711 putabat,
342 2635 505 2709 plratarum
515 2633 646 2695 novibus
659 2650 727 2694 cum
735 2633 872 2695 equsset
884 2640 1001 2694 vestem

57 2720 239 2794 ligassetque
264 2719 430 2794 pugionem
456 2719 496 2778 ad
521 2719 620 2778 lemur
644 2717 778 2778 alterutri
803 2734 839 2780 se
860 2719 1001 2780 fortunae

57 2819 149 2879 trans,
164 2820 237 2864 mox
251 2800 400 2865 intellexit
413 2804 590 2864 frustratum
604 2818 676 2864 esse
691 2802 792 2863 visum
808 2819 897 2864 suurn
911 2801 1000 2864 erbo·

58 2903 149 2963 mque
170 2904 210 2948 ex
228 2886 399 2962 longinquo
421 2886 560 2946 ordInem
583 2894 792 2948 antemnarum
819 2886 1001 2962 praebuIsse

57 2971 192 3046 reginem.
214 2971 346 3045 Reliqua
357 2969 424 3030 eius
439 2975 508 3029 acta
522 2969 552 3028 in
566 2969 652 3040 urbe,
669 2968 860 3031 nobilissima
871 2970 928 3030 Gn.
938 2971 998 3030 Do·
1013 2968 1032 3026 3

57 3055 148 3116 bellae
164 3054 320 3117 accusatio
332 3062 363 3115 et
376 3052 474 3114 maior
488 3052 618 3114 civitatis
634 3052 664 3111 in
679 3068 717 3112 ea
730 3052 818 3112 lavor
833 3069 924 3127 quem
937 3053 999 3112 reis

57 3140 168 3200 uastari
192 3140 287 3214 solet,
312 3139 587 3212 contentionesque
613 3137 717 3196 civiles
743 3151 813 3197 cum
838 3134 871 3210 Q.
894 3135 999 3196 Catulo

57 3240 110 3298 qne
122 3223 190 3285 aliis
202 3220 451 3284 eminentIssimis
466 3221 540 3282 viris
553 3220 769 3281 celeberrimae
783 3226 814 3280 et
827 3226 896 3280 ante
912 3233 1000 3294 prae·

57 3321 116 3368 ram
140 3308 240 3369 victus
265 3307 389 3368 maximi
415 3304 610 3382 pontificatus
636 3304 783 3379 petitione
808 3303 842 3379 Q.
867 3303 1000 3378 Catulus,

57 3391 152 3452 mlum
168 3392 366 3453 confessione
376 3397 502 3452 senatos
514 3389 668 3464 princeps,
676 3384 716 3450 'et
725 3388 864 3450 restituta
874 3388 905 3447 in
916 3386 1000 3448 aedi-

57 3481 100 3534 ne
121 3477 308 3537 adversante
329 3474 451 3552 quidem
478 3471 634 3534 nobilitate
659 3479 855 3533 monumenta
875 3471 906 3532 G.
924 3469 1002 3534 llari
