2340 3946
209 663 343 761 tulit.
376 660 558 758 littttt
594 657 904 756 rutltlttt.

157 1009 171 1034 0

101 1014 132 1098 ln
150 1049 242 1102 Velleii
255 1051 382 1103 Paterculi
399 1049 472 1101 libris
490 1049 654 1101 emendandis
671 1064 730 1099 cnm
748 1049 822 1100 multi
839 1056 914 1114 atque
931 1051 982 1116 ipsi
999 1055 1074 1107 etiam

57 1117 98 1167 tis
117 1120 218 1170 criticae
236 1121 367 1186 principes
384 1119 444 1186 plus
458 1125 588 1184 praestare
606 1133 657 1169 non
675 1119 818 1184 potuerint,
844 1133 920 1183 quam
935 1127 964 1170 ut
981 1120 1075 1188 singuli

57 1187 124 1236 aucis
144 1187 239 1252 aliquot
261 1189 324 1240 locis
341 1189 466 1255 corruptis
484 1195 578 1239 certam
594 1188 747 1239 medicinam
766 1187 897 1250 afferrent,
921 1188 1001 1240 multo
1019 1190 1075 1256 plu-

56 1255 105 1305 bus
124 1271 172 1321 per
189 1259 348 1310 coniecturas
369 1258 483 1309 infelices
501 1257 619 1308 fallacem
637 1258 723 1323 potins
742 1257 870 1322 quandam
886 1259 1002 1308 sanitatis
1016 1273 1075 1324 spe·

57 1339 101 1374 em
121 1327 269 1378 inducerent
293 1343 370 1392 qnam
388 1327 504 1378 morbum
526 1328 613 1393 ipsum
636 1325 769 1392 tollerent,
798 1326 861 1377 mihi
887 1326 1004 1378 dubitare
1025 1343 1075 1379 non

57 1401 102 1455 cet,
121 1396 184 1458 quin
201 1395 260 1446 aliis
276 1413 334 1449 mea
351 1398 455 1449 inventa
469 1395 539 1447 haud
555 1396 639 1446 rarius
657 1395 816 1461 displicitura
831 1397 898 1458 sint,
917 1411 995 1460 qnam
1012 1397 1063 1447 alic

57 1478 90 1512 rm
107 1464 189 1515 multa
204 1465 268 1515 mihi
284 1465 481 1532 displicuerunt;
508 1467 594 1528 itaque
620 1465 681 1514 satis
707 1465 824 1525 habebo,
847 1467 870 1516 si
895 1465 991 1529 aliquot
1012 1466 1075 1517 locis

57 1540 102 1582 rcte
126 1536 308 1600 prospexisse,
336 1534 488 1585 coniecturis
507 1541 659 1583 autemnon
677 1535 830 1583 necessariis
848 1542 892 1583 aut
907 1549 998 1599 parum
1016 1550 1076 1586 con·

57 1603 153 1652 deratis
165 1618 216 1654 non
228 1603 305 1652 nimis
316 1602 456 1653 indulsisse
468 1601 582 1652 videbor.
609 1601 674 1650 illud
689 1602 755 1650 enim
767 1600 808 1651 vel
826 1603 937 1652 maxime
950 1603 1076 1668 agendum

57 1679 73 1718 tt
92 1671 119 1718 in
136 1669 208 1720 libris
228 1685 306 1737 supra
322 1670 454 1736 vulgarem
471 1669 575 1720 modum
594 1669 752 1734 depravatis,
775 1684 807 1720 ne
824 1670 865 1720 vel
881 1670 1001 1721 vitiorum
1019 1687 1077 1738 gra-

59 1746 113 1788 tate
131 1738 172 1789 vel
190 1739 287 1790 infinita
306 1739 510 1790 emendationum
535 1737 698 1789 multitudine
720 1739 801 1804 abripi
822 1753 869 1789 nos
891 1741 1019 1804 patiamur
1043 1741 1078 1791 ad

57 1808 198 1858 rmodicam
235 1808 378 1874 corrigendi
406 1806 541 1858 licentiam.
587 1806 672 1870 Atque
705 1822 754 1874 ego
789 1807 892 1871 quidem
923 1823 1077 1872 quamquam

57 1891 121 1926 trum
136 1877 280 1937 commodo,
298 1876 342 1940 qui
354 1875 422 1927 hunc
438 1877 587 1942 scriptorem
600 1877 655 1926 sine
668 1877 856 1928 commentariis
866 1877 951 1944 legere
963 1878 1076 1943 cupiunt,

57 1947 146 1995 indum
161 1946 210 1996 hoc
227 1947 327 2007 censui,
352 1952 380 1996 ut
398 1945 555 2010 paucissima
577 1953 676 1996 tantum
695 1946 756 1997 vitia
778 1946 873 1996 intacta
896 1946 1076 2010 relinquerem,

57 2015 163 2077 erisque
189 2014 301 2078 aliquam
326 2015 366 2067 vel
393 2029 477 2064 meam
505 2015 546 2065 vel
573 2015 683 2066 alienam
710 2016 892 2067 correctionem
919 2014 1076 2078 adhiberem,

57 2082 96 2133 iud
111 2090 196 2133 tamen
212 2084 333 2135 inducere
351 2085 463 2135 animum
478 2098 529 2134 non
547 2084 637 2149 potui,
652 2092 682 2134 ut
698 2084 868 2149 gravissimae
887 2084 1076 2149 depravationis

57 2153 143 2218 estigia
162 2154 247 2203 omnia
271 2152 437 2212 occultarem3
464 2167 543 2217 qnare
564 2167 631 2217 quae
656 2154 682 2201 in
706 2153 793 2214 codice
811 2154 972 2204 Murbacensi
994 2154 1076 2204 inisse

57 2228 131 2271 instat
141 2223 256 2285 quamvis
267 2222 404 2272 manifesta
414 2221 575 2272 librariorum
586 2221 767 2282 additamenta,
781 2237 831 2273 non
845 2221 927 2273 abieci
941 2222 1018 2288 plane
1029 2224 1077 2273 sed

57 2291 156 2354 >positis
174 2289 335 2356 parenthesis
353 2291 436 2356 signis
453 2291 598 2341 abiicienda
616 2290 741 2349 indicavi;
764 2292 808 2342 ubi
829 2297 914 2343 antem
932 2292 958 2342 in
976 2298 1076 2343 mntan·

57 2373 73 2407 s
91 2359 187 2410 codicis
205 2359 290 2411 verbis
309 2359 467 2410 coniecturas
485 2368 588 2409 secutus
601 2373 666 2416 sum,
685 2374 750 2421 quae
761 2361 910 2411 incertiores
921 2362 1075 2421 viderentur,

57 2434 75 2476 rt
92 2428 138 2478 ubi
155 2427 259 2480 lacunas
277 2428 342 2478 meis
360 2427 514 2492 quibusdam
530 2427 615 2478 verbis
633 2427 745 2491 exempli
761 2443 839 2478 causa
855 2430 947 2494 positis
964 2428 1075 2496 expleri,

57 2497 166 2547 comnia
189 2497 316 2548 inclinatis
339 2495 430 2547 litteris
452 2495 530 2547 scribi
553 2497 634 2557 iussi,
663 2495 760 2546 additis
784 2497 845 2546 item
871 2497 905 2546 ad
927 2497 1076 2549 lacunarum

57 2565 208 2630 tpplementa
218 2566 380 2632 parenthesis
391 2566 483 2633 signis.
514 2564 569 2625 Qua
578 2565 676 2616 ratione
686 2579 737 2616 non
750 2563 833 2616 solum
846 2566 910 2624 cari,
925 2580 957 2616 ne
971 2567 997 2616 iu
1012 2567 1076 2618 locis

57 2635 117 2685 abiis
135 2633 210 2686 fucus
227 2635 299 2686 lieret
317 2635 472 2701 lectoribus,
499 2636 547 2686 sed
564 2633 635 2685 effeci
654 2634 744 2695 etiam,
770 2641 798 2684 ut
815 2635 935 2701 graviora
950 2636 1076 2699 quaedam

57 2703 221 2768 rpravationis
247 2719 342 2771 genera
359 2704 504 2757 manifestis
527 2704 687 2755 documentis
713 2710 840 2769 extarent,
868 2720 901 2754 ex
926 2706 1019 2768 quibus
1044 2705 1076 2756 de

57 2774 92 2823 cis
110 2773 195 2824 minus
217 2773 360 2825 manifestis
382 2774 489 2826 indicari
513 2780 609 2839 posset.
645 2772 710 2823 Nam
731 2773 866 2838 irrepsisse
888 2772 1025 2838 aliqnando
1049 2775 1076 2825 in

59 2855 87 2892 sa
104 2841 199 2893 Velleii
216 2843 294 2895 verba
310 2844 377 2896 varii
393 2843 497 2910 generis
514 2859 528 2892 e
550 2841 665 2909 margine
681 2841 870 2902 additamenta,
896 2844 961 2894 adeo
980 2850 1076 2894 certum

57 2919 69 2959 t
91 2911 246 2975 quibusdam
264 2912 402 2978 exemplis,
425 2911 506 2963 veluti
522 2910 567 2963 lib.
583 2913 608 2973 1,
631 2927 653 2962 c.
672 2909 702 2970 6,
725 2909 750 2964 6.
769 2911 814 2961 lib.
829 2911 866 2970 11,
889 2927 912 2964 c.
932 2911 981 2972 10,
1004 2912 1030 2962 1.
1047 2919 1076 2962 ut

57 2979 89 3030 lia
106 2981 152 3044 qui
170 2981 383 3043 consideraverit,
411 2981 527 3032 dubitare
544 2994 596 3031 non
612 2979 710 3046 possit,
738 2980 799 3044 quin
821 2986 890 3029 recte
913 2979 990 3031 etiam
1013 2978 1075 3031 alibi

57 3064 61 3095 t
78 3049 232 3101 emendandi
247 3064 341 3116 genero
357 3057 467 3101 utamur.
504 3049 592 3113 Neque
609 3049 693 3100 minus
709 3057 805 3101 certum
823 3055 875 3114 est,
893 3049 1075 3114 praetermissa

57 3132 87 3169 se
105 3133 287 3183 nonnunquam
302 3135 318 3170 a
337 3119 442 3171 librario
459 3118 595 3170 festinante
619 3119 716 3183 aliquot
733 3117 827 3170 Velleii
844 3118 936 3184 verba,
963 3117 1075 3167 maxima

57 3186 73 3236 ti
89 3201 105 3236 a
122 3203 186 3239 voce
202 3187 282 3238 simili
305 3188 339 3240 ad
361 3187 471 3240 similem
496 3187 537 3239 vel
561 3187 595 3238 ad
618 3188 724 3238 eandem
746 3188 837 3239 iterum
857 3188 969 3253 positam
993 3185 1074 3236 oculis

57 3269 148 3307 terrare
171 3255 247 3308 facile
272 3265 339 3322 eratq
367 3259 436 3321 quod
459 3257 581 3309 vitiorum
605 3270 686 3322 genus
710 3271 768 3308 cnm
791 3265 816 3307 et
840 3256 935 3320 ubique
953 3255 1074 3319 frequens

57 3329 62 3371 t
77 3332 102 3374 ct
120 3324 147 3376 in
165 3340 265 3377 summa
283 3325 381 3378 librarii
393 3325 519 3378 Vellalani
534 3325 692 3392 negligentia
704 3340 787 3391 paene
802 3325 893 3376 abesse
911 3339 962 3375 non
980 3324 1072 3390 possit,

57 3405 170 3459 asperare
187 3393 251 3446 mihi
269 3409 320 3447 non
337 3395 410 3461 potui
427 3395 488 3460 quin
512 3394 663 3458 aliquotiens
688 3394 754 3447 meis
777 3393 861 3444 verbis
878 3392 1012 3444 Velleiana
1032 3393 1072 3442 in·

826 3464 865 3519 ἃ*
