2370 3946
123 332 126 338 ²
182 242 225 306 aa
366 324 373 335 L
452 240 494 300 ιι.
514 239 656 301 vanum
675 238 891 301 causacum
987 296 991 310 ,

183 390 478 465 natirempublicam
497 390 681 466 poeniteret,
702 405 739 448 ac
758 388 848 450 bonis
869 392 949 450 mala
962 406 1161 466 repensasse.

151 475 297 539 tlScxtus
313 475 490 534 consulatus
512 474 605 535 veluti
627 473 794 548 praemium
816 474 844 533 ei
863 474 1039 536 meritorum
1061 475 1161 536 datus.

182 558 250 620 Non
264 565 365 618 tamen
380 557 471 617 huius
487 558 664 618 consulatus
680 557 836 616 fraudetur
850 559 956 632 gloria,
973 574 1035 632 quo
1051 556 1161 619 Servili

184 642 328 701 Glauciae
343 639 561 717 Saturninique
573 638 686 714 Apulei
700 641 849 715 furorem,
866 640 1050 701 contiuuatis
1065 641 1161 704 hono·

182 724 268 784 ribus
282 725 500 801 rempublicam
514 723 711 785 lacerantium
726 731 755 784 et
764 724 874 797 gladiis
888 740 1012 799 quoque
1024 732 1055 786 et
1068 725 1161 786 caede

184 808 306 869 comitia
320 808 560 881 discutientium,
576 809 685 868 consul
700 807 790 867 armis
806 809 994 884 compescuit
1007 807 1159 869 homines·

186 907 247 968 que
262 890 424 952 exitiabilis
439 892 470 950 in
484 889 615 950 Hostilia
629 892 714 961 curia
727 898 824 952 morte
838 891 984 953 multavit.

154 987 171 1039 1
265 975 344 1035 XIII.
366 975 483 1036 Deinde
498 972 662 1035 interlectis
677 975 786 1049 paucis
801 975 888 1035 annis
900 976 1085 1036 tribunatum
1099 972 1160 1035 iniit

183 1058 224 1118 Μ.
236 1058 341 1120 Livius
355 1059 484 1130 Drusus
500 1058 547 1118 vir
561 1058 780 1132 nobilissimus
795 1058 1076 1156 eloquentissima,
1093 1074 1179 1125 sant

185 1142 355 1216 missimus,
376 1140 523 1201 meliore'
515 1159 546 1200 ιιι
561 1141 663 1202 omnia
676 1141 798 1216 ingenio
814 1144 979 1228 animoque
994 1157 1087 1217 quam
1102 1142 1157 1202 for

153 1233 257 1288 iluna
279 1243 365 1289 usus
399 1224 453 1299 Qui
474 1240 542 1285 cum
561 1223 681 1286 senatui
700 1225 835 1299 priscum
855 1213 1017 1287 restituere
1036 1230 1159 1301 cuperet

185 1309 282 1370 decus
298 1316 329 1370 et
342 1306 455 1369 iudicia
468 1309 507 1369 ab
522 1309 674 1383 equitibus
689 1309 811 1368 adeum
833 1310 1000 1368 transferre
1014 1309 1155 1382 ordinem,

183 1391 317 1468 (quippe
331 1407 399 1451 eam
414 1397 596 1465 potestatem
610 1391 690 1451 nacti
705 1390 825 1466 equites
841 1391 1027 1452 Gracchanis
1043 1392 1156 1468 legibue

71 1490 77 1498 ·
186 1476 307 1536 cumin
333 1477 445 1535 multos
467 1473 654 1536 clarissimos
676 1481 768 1549 atque
788 1474 1057 1535 innocentissimos
1078 1474 1156 1537 virot

186 1561 375 1631 saevissent‚
392 1566 467 1629 ‚tum
482 1560 515 1621 P.
529 1559 689 1631 Rutilium,
716 1559 812 1618 virum
835 1574 897 1618 non
919 1558 1015 1619 seculi
1036 1560 1085 1618 sui
1109 1555 1157 1618 sed

186 1644 285 1704 omnis
311 1643 379 1703 aevi
405 1644 566 1719 optimum,
592 1643 810 1718 interrogatum
833 1644 901 1717 lege
924 1642 1154 1718 repetundarum

185 1728 318 1788 maximo
340 1743 409 1786 cum
429 1729 542 1802 gemitu
563 1727 692 1788 civitatis
713 1727 943 1800 damnaverant)
966 1726 996 1784 in
1021 1723 1059 1784 ils
1083 1725 1154 1800 ipsis

187 1825 267 1884 quae
282 1826 337 1882 pro
353 1817 464 1869 senatu
474 1811 660 1884 moliebatur,
676 1819 815 1871 senatum
826 1809 932 1870 habuit
942 1809 1154 1879 adversarium,

184 1907 248 1951 non
263 1891 492 1966 intelligentem,
511 1893 538 1952 si
554 1894 669 1967 quade
684 1893 782 1966 plebia
799 1892 967 1951 commodls
982 1891 1074 1951 abeo
1091 1905 1154 1966 ago

184 1981 297 2048 rentur,
305 1973 398 2033 veluti
408 1971 595 2034 inescandae
607 1973 849 2048 inliciendaeque
858 1973 1057 2034 multitudinis
1067 1987 1154 2035 caum

152 2057 264 2130 dfieri,
280 2063 314 2116 ut
327 2055 494 2118 minoribus
508 2058 662 2131 perceptis
674 2057 790 2117 maiora
803 2055 998 2131 permitteret.
1022 2057 1155 2132 Denique

185 2156 223 2199 ea
236 2141 357 2199 fortuna
366 2135 458 2200 Drusi
473 2140 535 2210 luit,
552 2146 587 2200 ut
599 2141 678 2200 male
693 2141 773 2199 lacta
787 2140 991 2214 collegarum
987 2139 1054 2199 eius
1071 2154 1156 2215 quum

185 2221 299 2297 optime
315 2222 375 2281 ab
368 2239 437 2297 rpso
454 2223 585 2296 cogitata
599 2220 723 2284 s'enatus
737 2223 883 2298 probaret
896 2223 1002 2321 magis,
1021 2230 1051 2283 et
1064 2223 1155 2284 hono

183 2320 249 2364 rem
271 2303 324 2379 qui
345 2306 383 2365 ab
403 2321 441 2367 eo
457 2307 664 2381 deserebatur,
687 2315 860 2382 sperneret,
880 2306 1005 2367 iniurias
1022 2323 1103 2381 quac
1122 2294 1155 2366 ab

183 2389 244 2449 illis
258 2388 501 2464 intendebantur,
516 2404 616 2466 aequo
631 2390 732 2452 animo
746 2391 912 2467 reciperet,
927 2398 957 2451 et
970 2388 1060 2451 huius
1077 2406 1156 2452 sum·

184 2487 252 2531 mae
267 2471 382 2546 gloriae
396 2473 560 2548 invideret,
581 2474 700 2536 illorum
714 2475 867 2536 modicam
881 2476 982 2535 f.erret

153 2569 167 2621 1
266 2555 346 2616 XIV
377 2557 452 2618 Tum
472 2573 641 2618 conversus
662 2559 754 2618 Drusi
775 2558 908 2630 animus,
937 2558 1061 2632 quando
1082 2558 1156 2618 bene

184 2647 294 2714 coepta
307 2641 387 2699 male
402 2641 560 2711 cedebant,
575 2641 615 2700 ud
630 2640 761 2699 dandam
776 2640 929 2703 civitatem
941 2638 1060 2711 Italiae,
1052 2638 1158 2718 ·quod

184 2737 253 2781 cum
267 2720 395 2780 moliens
416 2722 624 2782 revertissete
645 2722 735 2784 foro
727 2739 875 2782 immensa
895 2724 946 2783 illa
960 2730 992 2784 et
1003 2723 1157 2785 incondita

184 2818 354 2878 quaecum
379 2820 502 2879 semper
523 2806 736 2880 comitabatur,
763 2805 880 2868 cinctus
901 2807 1106 2883 multitudine,
1129 2805 1156 2866 in

121 2959 126 2966 ⁶
183 2885 258 2946 atrio
281 2885 391 2947 domus
412 2902 487 2947 suae
508 2889 628 2949 cultello
649 2905 832 2964 percussus,
855 2890 908 2966 qui
929 2891 1052 2950 adfixus
1073 2888 1157 2951 lateri

54 3007 61 3025 .
149 2968 248 3028 aelus
269 2969 392 3047 relictus
414 2978 476 3045 est,
497 2972 576 3031 intra
598 2987 714 3046 paucas
729 2973 822 3034 horas
838 2974 981 3035 decessit.
1012 2973 1075 3034 Sed
1089 2989 1157 3035 cum

181 3053 318 3113 ultimum
332 3055 476 3114 redderet
495 3054 649 3131 spiritum,
666 3057 786 3117 intuens
803 3057 1061 3117 circumstantium
1075 3072 1157 3118 moe·

179 3137 371 3211 rentiumque
397 3138 611 3213 frequentiam,
641 3139 747 3200 effudit
772 3154 879 3201 vocem
905 3141 1156 3202 convenientissi-

179 3233 259 3278 mam
274 3220 482 3280 conscientiac
504 3236 593 3282 suae:
615 3223 833 3298 ecquandone,
855 3221 969 3300 inquit,
989 3223 1174 3300 propinqui.

146 3303 344 3378 eamlcique,
370 3301 497 3363 similem
519 3305 577 3365 mei
593 3306 689 3366 civem
710 3307 834 3367 habebit
847 3307 1045 3383 respublica?
1068 3308 1159 3369 Hunc

178 3385 270 3446 finem
286 3387 473 3448 clarissimus
489 3388 607 3450 iuvenis
622 3389 702 3450 vitae
719 3387 833 3450 babuit.
861 3390 952 3451 Cuius
967 3407 1088 3451 morum
1102 3389 1158 3451 mi·

178 3467 258 3528 nime
277 3470 428 3532 omittatur
447 3479 671 3547 argumentumz
697 3489 765 3532 cum
787 3473 963 3534 aedificaret
982 3475 1107 3536 domum
1126 3472 1179 3543 in:
