2340 3946
137 243 179 307 46
410 241 451 302 Μ.
474 240 615 301 VELLEI
634 240 853 304 PATERCULI

138 413 200 460 oon
215 395 415 471 praecipitata
430 412 467 456 oc
489 395 571 455 latali
592 401 662 455 ante
683 394 798 456 initium
818 396 970 458 bellorum
992 398 1084 459 civilio

138 486 235 542 morte
250 480 344 540 iuncti
359 486 440 539 sunt.

107 576 123 628 l
218 563 320 628 XLIX.
353 563 482 623 Lentulo
503 569 534 623 et
552 561 697 623 Marcello
719 563 900 625 consulibus
922 571 998 639 post
1018 565 1084 626 urbc

139 648 292 708 conditam
307 647 396 707 annis
411 646 612 722 septingentis
626 647 732 720 tribus,
750 654 781 707 et
797 654 867 708 ante
882 664 983 709 annos
1000 656 1084 724 septu

137 733 220 808 ginta
235 739 314 805 octo,
334 748 426 807 quam
440 739 482 805 tu,
495 730 536 789 M.
551 729 660 804 Vinici,
677 734 869 814 consulatum
884 733 996 806 inires,
1010 733 1084 792 belin

106 827 123 879 2
138 817 227 876 civile
241 816 366 877 exarsit.
393 814 528 875 Alterius
544 814 632 875 ducis
648 830 744 876 causa
757 817 866 877 melior
880 816 1054 887 videbatur,
1071 830 1084 875 ι

137 901 233 961 terius
245 907 309 960 erat
319 899 449 969 firmior;
466 899 626 959 bicomnia
637 901 790 975 speciosa,
803 901 1020 969 illiovalentia;
1034 899 1084 960 Por

138 985 240 1060 poium
254 992 380 1046 senatus
392 984 567 1054 auctoritas,
586 983 746 1044 Caesarem
761 984 887 1045 militum
903 986 1032 1044 armavit
1043 982 1084 1043 dd

139 1067 196 1129 cia.
219 1069 369 1130 Consules
384 1074 573 1142 senatusque
585 1083 707 1140 causae,
724 1085 786 1129 non
796 1067 953 1143 Pompeio,
971 1080 1084 1128 summa

105 1151 245 1228 simperi
266 1152 447 1213 detulerunt.
477 1150 555 1211 Nihil
575 1151 714 1212 relictum
735 1169 754 1211 a
776 1152 924 1223 caesare,
948 1152 1034 1228 quod
1052 1164 1084 1210 sc

137 1236 258 1296 vandae
273 1236 360 1311 pacis
376 1252 471 1297 causa
482 1235 589 1295 tentari
603 1244 727 1310 posset;
742 1236 816 1296 nihil
830 1242 989 1311 receptum
1005 1234 1084 1296 aron

138 1320 274 1396 polanis,
297 1335 365 1380 cunr
381 1322 456 1380 alter
472 1320 585 1379 consul
601 1319 681 1380 iusto
697 1328 782 1380 esset
802 1320 948 1393 ferocior,
974 1318 1084 1379 Lentulo

139 1418 213 1462 vero
228 1405 315 1464 salva
335 1401 494 1480 republica
514 1403 619 1464 salvus
640 1419 712 1463 esse
733 1421 793 1465 non
816 1411 939 1478 posset,
963 1401 1004 1464 Μ.
1019 1408 1084 1479 autct=

139 1487 211 1548 Cato
233 1487 423 1548 moriendum
444 1496 623 1562 antequam
643 1488 735 1547 ullam
751 1487 963 1549 condicionem
979 1487 1084 1547 civisci

139 1572 311 1647 cipiendam
324 1572 512 1648 reipublicae
524 1572 731 1632 contenderet.
753 1572 808 1631 Vir
820 1573 965 1647 antiquus
977 1578 1009 1636 et
1016 1566 1084 1646 grad

136 1655 263 1732 Pompei
278 1657 373 1732 partis
394 1657 533 1716 laudaret
553 1654 675 1732 magis,
689 1656 825 1730 prudens
849 1663 1031 1731 sequeretur
1043 1654 1084 1714 ilat

106 1751 123 1805 t
138 1740 227 1814 saris,
242 1747 273 1800 ct
287 1741 338 1800 illa
353 1740 497 1816 gloriosa,
513 1740 590 1799 baec
604 1739 786 1801 terribiliora
801 1741 934 1800 duceret.
956 1740 996 1801 Ut
1006 1734 1084 1799 deind

138 1824 252 1899 spretis
268 1823 425 1894 omnibus,
443 1839 521 1898 quae
537 1823 650 1882 Caesar
664 1826 887 1898 postulaverat,
909 1818 1084 1885 tantummod

139 1912 301 1967 contentus
323 1923 392 1966 cum
414 1923 474 1966 una
498 1907 620 1980 legione
643 1907 761 1966 titulum
786 1908 918 1967 retinere
942 1904 1084 1983 provincio

139 1991 277 2066 privatus
300 1995 335 2050 ut
354 1990 384 2049 in
400 1989 506 2049 urbem
521 1989 639 2050 veniret
649 1995 680 2048 et
694 2004 729 2049 se
740 1990 769 2049 in
783 1991 929 2065 petitione
940 1993 1084 2052 consulati

139 2074 294 2148 suffragiis
319 2072 427 2149 populi
447 2072 577 2133 Romani
603 2074 803 2135 committeret
828 2075 1008 2148 decrevere,
1033 2079 1084 2134 rato

106 2165 122 2216 5
136 2157 313 2217 bellandum
328 2156 442 2216 Caesar
456 2172 525 2217 cum
540 2158 678 2219 exercitu
692 2159 882 2218 Rubiconem
902 2160 1030 2222 transiit.
1060 2157 1084 2217 ct

68 2316 71 2321 ¹
136 2239 300 2316 Pompeius
317 2241 523 2315 consulesque
538 2248 569 2302 et
584 2242 681 2302 maior
696 2258 768 2317 pars
784 2249 911 2304 senatus
924 2244 1030 2304 relicta
1042 2239 1084 2303 urb

138 2341 174 2384 ac
190 2325 300 2384 deinde
315 2324 400 2386 ltalia
414 2325 611 2386 transmisere
625 2326 858 2404 Dyrrhachium.

107 2416 121 2466 1
219 2410 252 2468 L.
285 2410 326 2470 At
341 2409 455 2470 Caesar
475 2411 606 2471 Domitio
627 2411 862 2486 legionibusque
884 2410 1012 2483 Corfini,
1039 2422 1084 2486 qut

137 2509 282 2554 unacum
298 2509 336 2554 eo
352 2494 484 2569 lucrant,
500 2496 624 2569 potitus,
642 2495 720 2554 duce
736 2495 875 2570 aliisque,
891 2496 944 2570 qui
959 2496 1084 2556 voluero

138 2578 222 2637 abire
243 2578 283 2637 ad
297 2577 489 2653 Pompeium,
511 2579 578 2637 sinc
594 2578 739 2640 dilatione
760 2578 912 2653 dimissis,
935 2585 1084 2653 persecuti

136 2662 351 2735 Brundusium,
368 2663 409 2722 ito
423 2669 457 2722 ut
471 2668 634 2736 appareret
647 2664 737 2722 malle
751 2663 877 2738 integris
892 2664 987 2724 rebus
1003 2670 1033 2724 et
1046 2676 1084 2723 cor

138 2745 310 2804 dicionibus
326 2745 414 2805 linire
434 2744 546 2805 bellum
563 2761 652 2819 quam
670 2748 843 2821 opprimere
864 2747 1023 2821 fugientis,
1048 2760 1084 2806 cu

137 2835 352 2904 transgressos
367 2827 535 2904 reperisset
549 2832 710 2903 consules,
734 2831 765 2890 in
785 2832 891 2892 urbem
912 2832 1036 2892 revertit
1048 2842 1084 2890 ret

138 2912 262 2988 ditaque
282 2913 400 2973 ratione
416 2912 610 2973 consiliorum
633 2929 759 2975 suorum
779 2917 809 2976 in
825 2923 935 2977 senatu
949 2922 981 2976 et
1000 2915 1030 2975 in
1045 2928 1084 2974 cor

137 2995 221 3058 tione
236 3012 272 3057 ac
287 2995 476 3057 miserrimae
488 2998 742 3075 necessitudinis,
764 3015 832 3060 cunr
846 3000 954 3060 alianis
970 2997 1061 3060 armis
1074 3010 1084 3056 ι

104 3085 121 3136 2
136 3096 221 3140 arma
236 3080 415 3155 compulsus
432 3087 529 3154 esset,
545 3081 709 3156 Hispanias
726 3090 831 3158 petere
846 3083 992 3143 decrevit.
1021 3083 1084 3143 Fert

137 3165 291 3224 nationem
316 3162 431 3222 itineris
457 3162 523 3224 eius
548 3164 736 3240 aliquamdiu
761 3173 878 3226 morata
898 3167 1037 3228 Massilia
1059 3178 1084 3227 er

137 3247 199 3308 fide
213 3246 321 3307 melior
336 3261 427 3322 quam
443 3249 572 3309 consilio
589 3250 780 3324 prudentior,
800 3249 1016 3325 intempestive
1035 3247 1084 3326 prit

137 3329 281 3405 cipalium
296 3346 447 3392 armorum
463 3333 587 3393 arbitria
601 3342 745 3410 captans,
771 3333 882 3408 quibus
902 3334 934 3393 bi
955 3350 990 3393 se
1006 3335 1084 3394 deba

103 3415 346 3490 ainterponere,
371 3415 500 3491 quinon
515 3425 673 3493 parentem
688 3420 832 3478 coercere
847 3424 988 3492 possunt.
1021 3419 1084 3477 lixa

130 3498 212 3559 citus
227 3497 355 3576 deinde,
381 3498 435 3578 qui
455 3501 514 3563 sub
528 3500 655 3564 Alrcnio
672 3500 826 3563 consulari
841 3517 878 3562 ac
891 3501 1011 3563 Petreio
1028 3516 1084 3576 pra
