2370 3946
158 193 201 256 do
428 190 469 249 M.
489 189 631 251 vennul
651 189 867 252 PATERCULI

161 344 337 407 marcebant
352 342 469 413 omnia,
496 340 568 404 hinc
581 344 714 418 remiges
734 342 913 419 firmissimi,
934 346 1047 409 illinc
1038 348 1145 427 rnopia

161 425 377 496 adientissimi3
393 427 515 487 navium
529 426 588 487 hac
601 427 779 502 magnitudo
795 430 915 491 modica
926 446 984 491 nec
996 432 1150 499 celeritati

160 514 306 585 adversa,
328 512 379 571 illa
395 511 500 586 specie
522 511 699 582 terribilior,
720 512 790 573 hinc
806 514 845 573 ad
859 515 1026 578 Antonium
1040 532 1143 592 nemo,

160 597 241 657 rllmc
249 596 288 655 ad
296 595 459 656 Caesarem
467 596 579 656 coudre
590 595 701 671 abqurs
709 597 944 672 translugrebat=
959 614 1015 659 rex
1022 601 1142 680 Amyn-

160 689 207 741 tas
228 679 354 741 meliora
375 687 405 740 ct
418 681 540 740 utiliora
554 686 696 751 secutum
712 696 782 740 nam
797 681 924 751 Deillius
938 684 1075 758 exempli
1095 685 1150 747 sui·

161 772 252 824 tenax
273 771 338 824 uta
352 765 511 826 Dolabella
531 765 586 836 [ud
599 764 746 838 Cassium,
768 781 789 824 u
805 766 904 826 dasem
917 769 962 828 cd
973 767 1143 844 Admotum,
1171 772 1183 837 ἲ

159 851 201 909 ita
221 849 260 909 cb
272 847 397 909 Antonio
417 849 546 920 tremat]
568 847 608 907 ud
625 847 803 919 caesarem,
822 850 930 925 virque
950 851 1150 919 clarissimus¹

163 933 216 992 Cn.
231 931 397 1007 Domitius,
415 932 467 1006 qui
481 933 568 992 solus
582 932 822 994 Antonianarum
839 934 1143 1012 partium‘nunquam

160 1016 297 1092 reginam
313 1015 372 1076 nisi
386 1016 508 1077 nominc
523 1016 679 1089 salutavit,
695 1019 827 1080 maximo
843 1024 874 1078 et
887 1019 1048 1094 praecipiti
1062 1021 1142 1096 peri.-

127 1107 145 1161 3
160 1103 228 1162 culo
243 1100 409 1161 transmisit
422 1101 462 1159 ad
474 1099 645 1159 Caesarem.
668 1098 809 1176 Denique
821 1102 851 1162 in
868 1117 922 1162 ore
936 1109 1028 1178 atque
1044 1105 1142 1167 oculis

160 1186 353 1246 Antonianae
374 1184 484 1244 classis
505 1182 615 1258 perid.
631 1185 799 1260 Agrippam
815 1187 940 1246 Leucas·
954 1193 1141 1264 expugnata,

159 1268 268 1329 Patrae
293 1275 416 1343 captae,
446 1267 608 1328 Corinthus
636 1277 800 1344 occupata,
829 1269 877 1330 bis
906 1276 977 1330 ante
1003 1271 1152 1333 ultimum-

161 1352 324 1412 discrimen
341 1351 452 1412 classis
465 1351 599 1413 hostiurn
615 1361 768 1427 superata.

128 1447 143 1498 1
242 1435 387 1496 LXXXV.
420 1436 554 1496 Advenit
577 1436 689 1496 deinde
712 1437 837 1498 maximi
859 1438 1044 1500 discriminis
1064 1439 1143 1514 dies,

161 1537 222 1597 quo
238 1520 352 1580 Caesar
372 1520 587 1596 Antoniusque
607 1521 766 1596 productis
789 1523 940 1583 classibus
961 1538 1019 1597 pro
1043 1525 1145 1585 saluta

126 1608 242 1677 telier,
261 1604 292 1664 in
303 1605 423 1665 ruinam
433 1607 509 1665 alter
520 1613 667 1666 terrarum
680 1606 763 1666 orbis
775 1605 969 1666 dimicavere.
992 1605 1143 1668 Dextrum

160 1690 281 1750 navium
296 1689 480 1751 Iulianarum
501 1704 598 1749 cornu
612 1689 653 1749 Μ.
668 1688 760 1750 Lurio
783 1690 995 1764 commissum,
1019 1691 1145 1752 laevum

159 1774 321 1844 Arruntio,
343 1773 501 1847 Agrippae
522 1786 612 1832 omne
633 1772 755 1832 classici
775 1773 947 1833 certaminis
968 1773 1142 1847 arbitrium3

162 1856 315 1916 Caesarei
336 1856 412 1928 parti
432 1855 617 1928 destinatuS,
638 1855 669 1915 in
685 1871 811 1931 quarna
831 1857 953 1917 fortuna
967 1864 1142 1931 vocaretur,

161 1939 277 2014 ubique
292 1938 405 1998 aderat.
435 1936 550 1997 Classis
564 1939 678 1998 Antoni
691 1938 826 2012 regimen
841 1937 1016 1999 Publicolae
1033 1939 1141 2003 Sosio·

161 2041 221 2099 que
236 2021 442 2084 commissum.
478 2022 519 2080 At
536 2019 568 2078 in
588 2024 669 2081 terra
690 2021 820 2082 locatum
842 2022 1008 2081 exercitum
1022 2023 1143 2087 Taurus

128 2111 146 2163 3
161 2107 318 2178 Caesaris,
337 2103 452 2166 Antoni
466 2103 592 2178 regebat
607 2102 760 2164 Canidius.
791 2104 851 2166 Ubi
864 2103 971 2164 initum
985 2113 1141 2170 certamen

161 2196 221 2263 est,
244 2189 345 2250 omnia
359 2187 389 2247 in
404 2188 498 2247 altera
521 2195 606 2262 parte
626 2189 726 2262 luere,
749 2189 827 2262 dux,
847 2189 996 2263 remiges,
1018 2191 1143 2268 milites,

160 2275 190 2334 in
205 2274 299 2332 altera
314 2271 386 2330 nihil
398 2279 519 2346 praeter
533 2269 654 2333 milites.
682 2272 781 2333 Prima
791 2279 924 2348 occupat
938 2274 1042 2348 lugam
1054 2274 1142 2337 cleo-

160 2363 263 2433 patrm
284 2354 437 2416 Antonius
452 2355 595 2431 fugientis
610 2357 735 2432 reginae
750 2373 841 2432 quam
856 2356 1021 2433 pugnantis
1036 2359 1142 2423 militis
1179 2350 1183 2413 ’ἰ

161 2441 208 2501 sui
220 2456 324 2501 comes
339 2456 411 2501 esse
425 2442 530 2503 maluit
544 2447 574 2499 et
587 2441 753 2517 imperator
769 2441 821 2517 qui
836 2441 866 2502 in
878 2441 1056 2503 desertores
1071 2458 1140 2505 sae
1173 2446 1176 2451 '

161 2524 224 2585 vire
249 2525 410 2598 debuerat,
441 2527 581 2586 desertor
607 2525 760 2586 exercitus
785 2526 834 2586 sui
859 2527 957 2586 lactus
980 2532 1037 2587 est.
1075 2526 1150 2589 lllis.

160 2609 249 2670 eliam
264 2609 399 2670 detracto
418 2610 518 2684 cupite
535 2607 568 2668 in
590 2609 712 2684 longum
728 2607 894 2670 fortissime
908 2609 1067 2685 pugnandi
1084 2610 1140 2672 du·

159 2692 238 2754 ravit
249 2694 421 2754 constantia
431 2699 461 2753 et
472 2694 637 2766 desperata
649 2691 776 2752 victoria
791 2693 821 2752 in
836 2701 962 2753 mortem
974 2691 1139 2755 dimicaba-

128 2783 216 2842 4.tur
239 2776 353 2836 Caesar
369 2792 449 2850 quos
460 2777 541 2836 ierro
557 2781 677 2850 poterat
690 2776 870 2850 interimere,
885 2776 988 2837 verbis
1003 2777 1140 2838 mulcere
1175 2818 1183 2857 2

161 2859 288 2934 cupiens
305 2858 539 2947 clamitansque
568 2867 598 2920 et
625 2861 792 2921 ostendens
822 2861 939 2936 fugisse
963 2861 1137 2933 Antonium,

161 2926 343 3019 quaerebat,
364 2960 421 3018 pro
444 2960 506 3020 quo
527 2951 558 3005 et
577 2960 645 3004 cum
667 2961 728 3019 quo
749 2951 935 3019 pugnarent;
964 2950 995 3005 at
1013 2944 1055 3004 illi
1071 2959 1138 3004 curn

160 3027 213 3087 diu
224 3043 280 3103 pro
296 3029 423 3089 absente
438 3028 638 3089 dimicassent
648 3028 735 3102 duce,
752 3043 844 3126 aegre
858 3028 1030 3089 summissis
1045 3026 1139 3087 armis

161 3126 284 3172 cessere
295 3113 462 3187 victoriam,
478 3112 628 3187 citiusque
640 3113 732 3173 vitam
747 3112 929 3188 veniamque
939 3111 1053 3172 caesar
1067 3127 1137 3186 pro·

158 3195 253 3268 misit,
275 3213 365 3270 quam
380 3197 439 3256 illis
453 3204 487 3256 ut
500 3211 538 3255 ea
553 3206 765 3271 precarentur,
786 3211 968 3271 persuasum
984 3202 1046 3265 est;
1070 3195 1138 3255 fuit·

161 3277 265 3353 quein
282 3280 427 3341 confesso
443 3280 553 3340 milites
569 3281 673 3356 optimi
694 3280 901 3354 imperatoris,
921 3280 1139 3354 imperatorem
1180 3318 1183 3335 .

82 3390 86 3396 ·
160 3363 349 3438 fugacissimi
373 3363 475 3424 militis
501 3364 635 3425 iunctum
658 3363 777 3436 officio,
801 3369 835 3423 ut
856 3364 993 3434 dubites,
1020 3377 1077 3423 suo
1100 3376 1140 3421 an
1181 3356 1183 3365 '

161 3444 340 3516 cleopatrae
355 3446 479 3509 arbitrio
494 3447 652 3510 victoriam
666 3453 888 3524 temperaturus
904 3446 1008 3520 luerit,
1031 3445 1083 3522 qui
1099 3444 1140 3506 ad
