2370 3946
9 132 14 171 ι
271 107 483 170 HISTORlAE
502 109 696 173 ROMANAE
714 113 754 189 ll
774 122 801 178 8
817 121 844 177 9
1004 115 1046 180 19

9 244 220 357 {Opimium
241 279 260 322 a
275 279 337 339 quo
353 265 482 324 consule
497 263 727 325 celeberrimum
741 264 892 339 Opimiani
911 265 975 328 viui
989 284 1044 329 no

9 404 10 411 ,
58 362 150 416 tuem
166 346 274 422 quod
265 362 326 406 iarn
337 347 452 407 nullum
464 363 535 408 esse
545 348 645 422 spatio
658 364 807 409 annorum
819 350 920 448 colligi
932 359 1044 428 potest,

9 502 12 507 ¹
59 445 130 491 cum
147 429 187 490 ab
202 445 240 491 eo
256 430 318 491 sint
332 430 371 490 ad
392 436 436 502 te,
457 429 498 490 Μ.
513 431 629 503 Vinici,
652 434 810 493 consulem
831 433 903 492 anni
923 442 1044 496 centum

9 522 12 575 ζ
59 513 293 592 quinquaginta.
328 513 454 574 Factum
471 512 586 588 Opimi,
612 515 719 589 quod
710 515 933 577 inimicitiarum
950 527 1076 593 quae-4

9 618 13 661 :
60 599 119 659 sita
132 605 201 657 erat
214 597 305 671 ultio,
328 597 427 657 minor
442 604 548 658 secuta
561 599 741 673 auctoritas,
767 605 797 658 et
812 599 878 660 visa
893 602 966 663 ultio
981 603 1042 679 pri·

9 742 11 749 ,
60 689 133 742 vato
146 681 220 741 odio
235 680 332 755 magis
346 696 437 754 quam
452 679 594 756 publicae
604 681 759 743 vindictae
769 683 849 742 data.
874 684 908 743 ln
922 685 1042 760 legibus
1057 695 1075 750 ο

36 800 41 805 -
61 763 194 825 Gracchi
213 762 292 825 inter
312 762 577 839 perniciosissima
596 766 833 840 numeraverim,
859 768 943 841 quod
957 778 1044 831 extra

58 846 179 910 Italiam
199 846 338 909 colonias
359 847 473 922 posuit.
500 847 536 908 ld
549 847 698 924 maiores,
721 865 791 910 cum
804 849 943 910 viderent
958 857 1043 915 ιιιιιο

59 931 265 1007 potentiorem
280 931 362 1009 Tyro
377 930 602 1005 Carthaginem,
622 931 790 993 Massiliam
803 932 959 1006 Phocaea,
983 934 1042 1014 Sy-

58 1029 190 1075 racusas
203 1014 363 1089 Corintho,
379 1014 524 1092 Cyzicum
538 1031 575 1075 ac
588 1015 771 1094 Byzantium
784 1016 903 1089 Mileto,
919 1019 1043 1092 genitali

59 1099 148 1173 solo,
164 1097 327 1173 diligenter
342 1097 528 1172 vitaverant,
548 1106 581 1159 ut
595 1101 672 1161 civis
685 1102 843 1163 Romanos
858 1101 898 1160 ad
914 1117 1042 1162 censen-

55 1181 134 1242 dum
150 1196 190 1241 ex
203 1182 372 1257 provinciis
392 1182 424 1242 in
439 1183 555 1242 ltaliam
574 1184 796 1244 revocaverint
828 1184 928 1245 Prima
943 1193 1075 1249 autemd

59 1271 149 1326 extra
164 1265 282 1326 Italian
294 1265 416 1327 colonia
431 1265 579 1340 Carthago
596 1268 718 1328 condita
733 1274 797 1337 est;
823 1268 955 1329 subinde
968 1270 1041 1330 Por·

59 1347 109 1410 cio
120 1347 302 1425 Marcioque
315 1348 495 1409 consulibus
511 1350 643 1411 deducta
657 1353 779 1411 colonia
792 1351 894 1413 Narbo
904 1352 1041 1414 Martius.

144 1432 227 1492 VIII.
254 1432 417 1494 Mandetur
430 1433 542 1492 deiude
562 1435 728 1495 memoriae
749 1437 897 1497 severitas
915 1436 1041 1498 iudicio
1058 1447 1074 1499 1

58 1532 145 1578 ruma
167 1517 285 1592 quippe
298 1516 330 1576 C.
346 1517 419 1578 Galo
436 1517 622 1589 consularis,
638 1517 678 1575 Μ.
695 1517 817 1578 Catonis
832 1535 947 1593 nepos,
963 1521 1041 1579 Alri·

28 1663 37 1674 ,
59 1599 131 1660 cani
147 1600 264 1660 sororis
278 1600 369 1672 illins,
384 1598 622 1674 repetundarum
636 1616 675 1659 ex
686 1599 868 1660 Macedonia
880 1602 1041 1663 damnatus

59 1691 123 1758 est,
141 1697 211 1742 cum
226 1682 264 1743 lis
279 1684 344 1743 eius
356 1681 416 1743 HS.
431 1688 572 1758 quattuor
584 1683 705 1743 milibus
722 1683 947 1744 aestimaretur:
962 1686 1041 1747 adeo

10 1804 16 1839 r
57 1766 102 1826 illi
115 1766 176 1827 viri
189 1767 287 1841 magis
301 1767 489 1827 voluntatem
501 1767 650 1840 peccandi
665 1767 857 1829 intuebantur
872 1783 964 1842 quarn
976 1785 1041 1830 mo·

60 1849 135 1910 dum
159 1849 303 1924 factaque
324 1850 364 1909 ad
385 1850 544 1910 consilium
567 1850 738 1926 dirigebant
759 1859 788 1912 et
810 1852 899 1927 quid,
924 1869 986 1912 non
1010 1853 1042 1912 ιιι

60 1938 208 2008 quantum
223 1933 393 1994 admissum
405 1934 491 2007 ioret,
508 1934 718 1996 aestimabant.
746 1935 833 1996 Circa
844 1936 952 1995 eadem
967 1942 1073 1998 lem-2

10 2032 12 2037 ·
47 2031 140 2092 pora
160 2017 223 2078 duo
242 2016 356 2077 Metelli
377 2017 487 2077 iratres
506 2034 568 2078 uno
591 2018 641 2077 die
665 2019 937 2094 triumphaverunt
973 2019 1041 2081 Nou

10 2118 15 2151 τ
58 2099 161 2160 minus
184 2102 298 2160 clarum
319 2101 494 2175 exemplum
515 2109 545 2160 et
569 2101 669 2162 adhuc
693 2103 817 2163 unicum
832 2102 921 2164 Fulvi
940 2103 1042 2165 Flacci

10 2176 14 2223 t
59 2182 127 2243 eius
147 2184 200 2258 qui
216 2183 352 2281 Capuam
373 2192 512 2259 ceperat,
534 2179 680 2258 liliorum,
710 2188 767 2247 sed
787 2186 940 2248 alterius
932 2204 963 2247 m
989 2189 1042 2248 ad·

10 2260 17 2305 ¹
59 2267 218 2342 optionem
232 2267 311 2341 dati,
336 2267 366 2326 in
382 2268 512 2341 collegio
529 2270 708 2328 consulatus
730 2270 800 2338 iuit;
826 2271 1019 2346 adoptivus
1010 2288 1042 2330 ιιι

11 2350 18 2401 l
57 2349 183 2410 Αοιιιιιιι
196 2348 291 2411 Manli
311 2349 455 2410 familiam
476 2351 575 2410 datus
604 2351 679 2410 Nam
701 2367 833 2413 censura
851 2353 1042 2416 Metellorum

11 2406 16 2475 Ι
58 2433 260 2508 patruelium,
285 2450 348 2495 non
368 2449 584 2510 germanorum
607 2437 732 2494 fratrum
756 2435 826 2507 init,
856 2437 940 2510 qnod
965 2439 1041 2499 solis

11 2518 233 2615 οἰοοιιειιοι
245 2517 453 2593 Scipionibus.
483 2519 558 2579 Tum
573 2519 685 2579 Cimbri
699 2525 729 2578 et
742 2519 869 2579 Teutoni
884 2525 1040 2580 transcen
1055 2525 1074 2581 3

11 2580 18 2691 ξ
57 2600 133 2661 ιιοιι
147 2599 306 2674 Rhenum,
321 2602 424 2663 multis
439 2618 512 2662 mox
525 2603 639 2664 nostris
655 2601 784 2677 suisque
798 2602 937 2663 cladibus
955 2604 1041 2664 nobi

11 2720 16 2785 Ι
57 2682 113 2744 les.
139 2683 200 2744 Per
213 2685 322 2745 eadem
337 2693 476 2761 tempora
491 2688 592 2748 clarus
607 2687 672 2747 eius
687 2686 810 2760 Minuci,
828 2688 879 2762 qui
893 2689 1041 2764 porticus,

58 2783 139 2840 quae
154 2766 311 2844 hodieque
326 2768 465 2829 celebres
480 2777 566 2844 sunt,
589 2769 711 2831 molitus
727 2779 788 2843 est,
811 2787 851 2832 ex
867 2770 1042 2834 Scordiscis

56 2850 230 2926 triumphus
249 2853 314 2912 luit.

141 2934 193 2994 IX
221 2933 340 2994 Eodem
353 2940 452 2995 tractu
466 2942 639 3010 temporum
652 2936 806 2999 nituerunt
820 2943 959 2997 oratores
976 2935 1040 2998 Sci·
1056 2940 1072 2994 l

55 3017 107 3090 pio
132 3017 324 3078 Aemilianus
350 3018 550 3092 Laeliusque,
581 3019 646 3080 Ser.
674 3022 783 3094 Galba,
815 3019 875 3080 duo
903 3020 1040 3093 Gracchi,

13 3134 18 3215 1
55 3099 255 3177 crannus,
277 3101 375 3162 Carbo
390 3101 547 3177 Papirius,
568 3119 626 3162 nec
641 3104 884 3178 praetereundus
899 3103 1040 3164 Metellus

53 3181 235 3245 Numidicus
251 3191 281 3246 et
293 3183 438 3259 Scaurus,
455 3191 484 3244 et
498 3191 568 3244 ante
582 3186 726 3248 omnisL.
740 3187 870 3249 Crassus
886 3195 916 3248 et
926 3188 965 3247 M.
977 3188 1040 3246 An·

14 3258 18 3321 i
54 3267 175 3343 tonius,
200 3283 331 3343 quorum
351 3268 443 3329 aetati
464 3267 658 3344 ingeniisque
680 3270 910 3331 successerec.
928 3271 1041 3332 caesar

14 3324 184 3425 ffStrabo,
203 3351 236 3410 P.
254 3350 425 3427 Sulpicius,
446 3351 565 3424 namQ
577 3351 720 3414 Mucius
712 3354 787 3415 ruris
803 3355 932 3472 scientia
948 3370 1039 3430 quam
