2340 3946
117 251 145 287 tv
377 242 483 292 ratu.
502 241 640 294 HAASIl
661 243 898 297 PRAEFATIO.

118 386 257 444 tegrarem,
286 380 437 444 praesertim
460 379 483 430 si
501 380 654 445 etccrrupti
671 380 721 430 loci
741 387 831 431 natura
849 389 873 432 et
891 383 1028 448 supplendi
1046 384 1096 434 laci

117 447 192 498 iidem
211 448 340 514 lacerent,
363 462 413 499 uon
432 462 488 498 esse
503 446 553 498 alio
577 449 652 499 modo
676 456 796 500 erratum:
822 450 845 499 si
870 452 926 513 quis
952 461 1037 502 tamen
1060 454 1086 503 in

117 516 224 566 consilio
242 518 347 567 nimiam
365 532 484 567 accusare
504 517 571 567 volet
589 516 735 577 audaciam,
765 518 897 569 sciendum
915 528 964 581 est,
995 537 1034 570 me
1055 538 1097 584 qut

116 583 201 649 ipsum
218 587 304 636 verbis
322 601 337 635 a
355 601 395 636 me
413 586 489 636 illatis
505 586 580 635 fldem
598 585 693 636 nullam
709 587 820 636 tribuere
838 588 884 638 sed
900 589 965 639 velle
983 604 1012 640 ea
1025 592 1097 656 signo

117 655 278 716 quorundam
296 655 380 705 locum
399 657 524 714 obtinere,
552 670 617 717 quae
635 655 711 705 simul
730 663 754 706 et
774 655 886 706 indicent
909 657 1025 708 lacunam
1052 667 1076 708 et

118 725 242 788 originem
262 724 441 775 demonstrent.
478 724 561 786 Atque
577 722 641 774 haec
658 723 761 788 quidem
779 725 901 790 peccandi
923 742 1017 792 genera
1032 729 1097 777 sintn

116 793 267 853 tribuenda,
305 793 348 856 qui
375 793 488 849 codicem
514 790 706 843 Murbaceusem
733 793 833 858 scripsit
864 809 896 843 an
921 798 1053 846 vetustiori
1082 813 1097 845 a

117 860 238 921 librario,
263 861 357 911 trustra
386 876 506 925 quaeras3
540 875 586 910 nec
613 863 696 928 magis
720 861 748 911 id
774 870 879 928 apparet
903 863 929 913 in
951 867 1024 915 tertio
1047 882 1097 928 quo

116 932 235 981 vitiorum
254 945 364 996 genere,
391 930 460 993 quod
482 930 555 994 signo
578 929 664 993 aliquo
689 938 776 980 notare
803 945 853 981 non
878 933 963 996 potni;
994 935 1073 984 verba

117 1001 303 1062 verborumque
330 999 566 1064 comprehensiones
590 1013 668 1048 esuo
686 998 742 1049 loco
759 1001 785 1050 in
804 1000 914 1051 alienum
930 1003 1064 1060 traiectas3
1086 1020 1097 1052 o

118 1069 210 1118 erroris
237 1083 293 1118 cum
323 1067 382 1118 olim
408 1069 460 1117 iam
486 1066 582 1128 aliquot
612 1067 730 1133 exempla
761 1069 883 1135 indagavi
914 1068 1079 1136 comprobata

117 1138 207 1188 Kritzil
225 1136 334 1197 iudicio,
355 1143 409 1186 tum
428 1136 475 1185 tria
493 1149 559 1184 nunc
576 1135 679 1193 addidi;
705 1151 764 1186 nam
782 1153 838 1202 cap.
858 1134 892 1189 95
911 1147 973 1189 extr,
1000 1156 1056 1189 cum
1084 1157 1097 1190 a

117 1206 244 1272 legeretur
262 1206 312 1255 sic:
336 1204 549 1264 adulescentibus,
575 1213 620 1256 cat
640 1203 782 1256 adiicientes
802 1207 893 1256 audire
898 1243 907 1268 ,
930 1208 997 1272 qaod
1013 1224 1097 1271 nona

117 1282 202 1326 sceret
224 1289 319 1334 aenea,
340 1288 388 1339 ego
405 1272 483 1323 malui
502 1272 605 1323 audiret
628 1275 739 1324 scribere
756 1282 780 1324 et
796 1276 994 1340 transpositione
1011 1279 1063 1336 uti,
1081 1295 1097 1341 q

117 1344 159 1394 vel
175 1342 296 1394 delendas
314 1342 427 1393 iudicare
443 1348 494 1391 tres
511 1355 585 1390 voces
604 1357 662 1392 cum
677 1341 836 1404 Ruhnkenio,
854 1344 972 1411 Krousio,
992 1345 1097 1406 Clodio,

117 1429 174 1463 cum
200 1412 294 1462 Kritzio
322 1412 483 1474 acquiescere
506 1412 533 1458 in
559 1411 765 1476 interpretatione
793 1411 956 1463 vehementer
983 1416 1094 1465 incomm

117 1483 180 1531 Item
196 1495 252 1546 cap.
272 1476 316 1537 84,
332 1478 349 1531 ὓ
367 1479 443 1529 verba
460 1477 520 1530 illa:
539 1479 598 1529 Bac
615 1479 738 1544 Amyntas
763 1509 790 1516 -
810 1484 948 1533 transmisit
965 1485 1002 1533 ad
1022 1485 1097 1535 Caesa

117 1566 167 1601 non
187 1556 255 1600 recte
278 1549 374 1598 credidi
393 1563 408 1598 a
425 1547 597 1614 superioribus
615 1550 716 1615 seiungi
741 1551 896 1616 interpositis
919 1552 981 1601 illis:
1005 1554 1095 1618 deniqa

117 1635 162 1670 ore
179 1643 212 1657 -
230 1617 320 1668 dasem
337 1616 439 1668 hostiam
459 1624 594 1680 superata3
619 1624 644 1666 et
660 1632 717 1682 cap.
739 1617 791 1670 110
811 1628 874 1674 extr.
893 1622 969 1672 verba
987 1621 1043 1671 illa:
1069 1639 1097 1671 aa

117 1692 143 1739 ic
160 1695 249 1738 senata
272 1700 323 1736 ccc
348 1713 380 1723 -
408 1688 541 1750 pollicitati
562 1688 642 1737 omnia
668 1690 844 1753 anteponenda
867 1691 954 1754 putavi
977 1689 1041 1739 illis:
1067 1693 1097 1740 H

115 1760 202 1821 itaque
226 1756 336 1806 detectae
358 1780 393 1791 -
415 1762 520 1806 coactae
543 1756 607 1805 dare
629 1757 741 1822 arititem,
773 1773 822 1822 quo
844 1757 900 1809 loco
925 1759 1071 1808 traiectione

116 1827 207 1876 borum
225 1830 279 1874 orta
297 1824 373 1872 ctiam
390 1832 428 1873 est
442 1824 548 1883 lacuna,
575 1839 651 1887 quam
668 1826 708 1875 bis
731 1827 816 1890 posita
838 1842 899 1878 voce
921 1829 1002 1877 onmia
1029 1836 1097 1877 ntem

116 1892 221 1952 sustuli;
244 1892 271 1942 iu
296 1891 353 1943 cod.
373 1891 454 1942 Murb.
480 1895 547 1942 enim
570 1894 691 1959 scriptum
714 1894 817 1945 videtur
833 1895 924 1946 fuisse:
950 1904 1059 1945 emactcc
1077 1915 1097 1946 a

116 1963 203 2013 bellam
217 1976 312 2025 operae
323 1997 328 2009 .
338 1962 489 2024 pollicitati.
502 1962 584 2012 omnia
598 1960 660 2012 ltaec
670 1964 774 2028 fnestra
786 1978 1020 2026 praepararemus.
1058 1965 1096 2024 Qu

116 2032 180 2083 locis
198 2030 294 2094 siquis
312 2037 426 2080 accurate
445 2037 469 2081 et
485 2046 527 2081 res
544 2039 568 2081 et
585 2033 663 2082 verba
682 2032 818 2091 examinet,
834 2045 884 2081 non
904 2046 994 2080 vereor
1010 2047 1042 2082 ne
1061 2036 1084 2080 V
1087 2052 1097 2083 e

116 2103 294 2168 potiusquam
313 2098 410 2149 librarii
428 2100 534 2151 alicuius
552 2100 733 2167 negligentiam
758 2100 902 2150 coercuisse
927 2099 1022 2151 videar.
1061 2103 1097 2162 Qu

116 2170 227 2234 quodam
250 2169 307 2218 loco
332 2169 449 2234 suspicor
469 2170 550 2220 tribus
569 2170 644 2220 simul
662 2168 745 2219 modis
768 2175 899 2233 peccatum
917 2184 990 2226 essc;
1019 2186 1078 2220 nam

116 2253 185 2289 mum
204 2237 310 2291 dubium
327 2252 377 2287 non
395 2245 434 2289 est
450 2239 511 2301 quin
528 2239 587 2288 libri
604 2238 679 2303 primi
695 2250 754 2302 pars
771 2244 885 2287 extrema
910 2238 1047 2300 exciderim
1073 2257 1097 2290 n«

116 2308 184 2358 euim
202 2308 224 2356 is
240 2313 278 2358 ast
294 2306 423 2373 Velleius,
447 2307 534 2371 quiin
552 2306 597 2357 tali
614 2322 656 2367 re,
674 2305 777 2368 qualem
793 2319 849 2370 cap.
874 2304 915 2358 18.
936 2314 1039 2374 tractat,
1064 2326 1097 2375 pa

115 2377 200 2427 verbis
229 2377 353 2427 contineri
379 2385 454 2439 queat
483 2374 553 2431 nullo
586 2375 685 2426 adiecto
712 2375 893 2426 sententiarum
922 2376 1043 2437 artificio;
1072 2396 1097 2429 nc

116 2443 239 2496 credibile
262 2454 300 2498 ast
317 2446 487 2496 Romanorum
511 2443 637 2495 hocloco
660 2441 761 2493 nullam
786 2444 940 2495 mentionem
970 2445 1062 2496 iactam
1089 2465 1097 2497 ε

116 2530 180 2578 quos
196 2515 222 2564 in
240 2515 412 2582 superioribus
430 2514 544 2565 studiosa
561 2527 618 2561 cum
637 2510 740 2561 Graecis
759 2515 913 2578 composuit;
941 2530 1019 2577 quare
1037 2517 1097 2567 nihil

115 2584 278 2635 verisimilius
297 2600 374 2649 quam
396 2583 511 2634 additum
536 2579 616 2630 inisse
644 2579 727 2631 locum
752 2582 885 2634 sententiis
908 2592 1072 2643 exomatum‚

115 2653 271 2720 signiticaret
287 2653 403 2704 'Romam
432 2665 488 2700 esse
514 2650 588 2712 quasi
611 2648 704 2699 alteras
732 2651 855 2714 quasdam
879 2652 906 2702 in
930 2653 1004 2704 Italia
1030 2654 1096 2703 Athe

115 2721 211 2772 Deinde
230 2722 386 2786 adscriptum
405 2718 485 2768 luisse
500 2718 527 2767 in
545 2717 659 2784 margine
677 2717 769 2770 lemma
784 2720 885 2771 videtur
899 2720 962 2771 hoc:
982 2730 1007 2773 et
1021 2725 1046 2773 in
1062 2723 1097 2773 Ita

116 2791 261 2854 quodcum
279 2791 343 2839 inter
362 2789 418 2853 ipsa
434 2784 528 2837 Velleii
545 2787 623 2836 verba
640 2786 759 2848 relatum,
776 2788 886 2855 denique
904 2790 987 2841 alieno
1008 2791 1063 2841 loco
1083 2809 1097 2856 p

114 2868 169 2910 turn
187 2866 268 2919 esset,
291 2857 452 2908 vehementer
471 2855 582 2906 exercuit
600 2856 764 2922 interpretem
789 2859 851 2910 mihi
867 2860 894 2911 id
914 2859 937 2909 si
962 2875 1064 2911 servare
1088 2879 1097 2911 v

114 2930 182 2989 bam,
202 2927 346 2978 necessario
364 2927 390 2976 in
404 2924 454 2975 une
468 2924 614 2989 ponendum
631 2925 688 2975 init.

182 2998 217 3048 Ar
234 2998 261 3048 iu
276 2997 360 3048 verbis
378 2991 485 3058 singulis
502 3001 564 3057 quot
581 2995 665 3045 modis
679 3005 812 3060 peccatum
829 2997 877 3057 sit,
904 2996 1009 3063 longum
1026 3003 1063 3046 ast
1082 3014 1095 3047 e

115 3081 185 3128 raro,
210 3081 292 3131 neque
309 3066 336 3115 id
352 3065 378 3113 in
396 3063 556 3114 Murbacensi
571 3061 637 3114 libro
655 3063 752 3126 solum,
782 3065 924 3116 sedetiam
944 3073 1018 3115 antea
1039 3063 1097 3115 iactr

116 3137 223 3186 accessit
240 3141 329 3200 postea
349 3132 419 3183 haud
445 3133 528 3182 minor
551 3134 702 3184 emendandi
724 3134 842 3199 licentia,
868 3148 935 3197 quaa
958 3147 1025 3182 nanc
1050 3141 1097 3183 tan

115 3205 189 3254 certis
204 3204 304 3270 legibus
321 3202 377 3268 regi
394 3217 471 3267 posse
487 3203 594 3255 videtur.
631 3203 809 3263 Quaerendum
830 3203 897 3253 enim
919 3208 976 3252 ante
999 3203 1083 3252 omnia

115 3273 177 3336 qnid
201 3272 324 3337 scriptum
348 3271 425 3321 fuerit
449 3273 475 3321 in
499 3272 586 3322 codice
608 3273 784 3332 Murbacens13
815 3269 842 3321 id
865 3277 949 3321 autam
979 3271 1042 3322 adeo
1071 3279 1097 3321 to

115 3341 208 3407 pendet
222 3357 255 3391 ex
271 3339 389 3390 Rhenani
407 3349 431 3391 et
448 3341 547 3391 Bureril
565 3341 729 3400 testimoniis,
759 3347 788 3390 ut
804 3338 1008 3390 Amerbachianc
1027 3339 1092 3389 libro

115 3408 185 3460 nulla
201 3418 244 3460 aut
256 3411 350 3474 exigua
360 3410 498 3462 admodum
510 3417 535 3460 et
546 3409 698 3461 secundaria
708 3408 772 3459 fides
783 3406 919 3457 tribuenda
931 3408 973 3460 slt.
1008 3407 1097 3458 Editio

114 3480 193 3546 igitur
209 3479 351 3545 principem
372 3495 420 3547 ego
439 3494 539 3544 quoque
557 3479 641 3530 denuo
657 3477 791 3543 diligenter
813 3475 931 3536 excussi,
955 3478 1071 3544 exemplo
1091 3495 1097 3528 ι
