2370 3946
302 208 511 271 fflsromnn
523 208 716 272 ROMANAE
730 210 772 287 ll,
786 218 831 273 59.
1011 208 1053 274 dl

74 359 217 421 diotimo
231 359 306 421 nihil
321 360 452 436 amplius
467 357 585 422 civibus
600 367 721 437 praeter
734 364 855 440 tyranni
869 397 904 407 -
918 362 960 424 ita
973 363 1056 424 enim

76 441 225 519 appellari
239 443 401 504 Caesarem
427 446 507 506 iacto
532 443 599 504 eius
617 445 801 519 expediebat
819 475 862 488 -
887 448 1054 522 petendum

80 541 147 588 csse
167 526 363 602 sanguinem)
384 533 554 589 convocato
576 534 701 599 senatu,
718 544 786 588 cum
806 529 865 589 iam
885 530 1054 607 Dolabella,

81 626 165 686 quem
179 609 401 672 substituturus
426 610 485 671 sibi
506 611 619 671 Caesar
643 611 858 686 designaverat
884 616 1055 688 consulem,

81 693 166 754 lascis
192 700 286 769 atque
310 692 442 769 insignia
467 695 669 770 corripuisset
683 697 835 768 consulis,
861 698 944 757 velut
965 699 1052 773 pacis

83 784 180 837 auctor
195 776 311 838 liberos
326 793 401 839 suos
416 775 544 839 obsides
559 777 590 838 in
606 777 786 853 capitolium
801 779 883 840 misit
896 781 1052 857 iidemque

84 859 284 920 descendendi
304 868 368 922 tuto
389 859 634 923 interfectoribus
655 861 795 923 caesaris
812 863 911 932 dedit;
934 872 964 925 et
976 865 1052 926 illud

83 942 186 1004 decreti
206 942 441 1005 Atheniensium
461 945 649 1006 celeberrimi
669 947 858 1022 exemplum,
885 948 1014 1009 relatum
1034 964 1053 1008 a

85 1024 229 1103 Cicerone,
245 1026 409 1089 oblivionis
424 1028 656 1103 praeteritarum
677 1045 777 1091 rerum
793 1031 916 1092 decreto
932 1037 1055 1107 patrum

85 1111 305 1186 conprobatum
322 1119 379 1173 cst.

154 1194 230 1254 LIX.
273 1191 415 1256 Caesaris
427 1192 539 1254 deinde
550 1200 762 1257 testamentum
770 1204 907 1273 apertum
919 1204 975 1271 est,
989 1208 1078 1273 quot
1124 1248 1127 1256 .

85 1275 291 1351 hodienum,
306 1283 450 1354 nepotem
465 1278 582 1339 sororis
597 1294 673 1339 suae
687 1279 795 1356 iuliae,
810 1282 984 1358 adoptabat.
1005 1281 1052 1342 De

84 1360 158 1421 cuius
174 1361 308 1436 origine,
323 1361 442 1424 etlamsi
453 1365 614 1437 praecem,
631 1365 871 1438 paucadicenda
882 1371 962 1427 sunt.
983 1365 1082 1425 Fuita

84 1442 107 1502 0.
116 1443 259 1505 Octavius
273 1452 380 1507 utnon
393 1445 528 1520 patricia,
543 1445 755 1507 itaadmodum
763 1450 907 1524 speciosa
914 1450 1051 1527 equestri

82 1529 191 1600 genitus
206 1528 335 1603 familia,
361 1528 482 1604 gravis,
510 1536 652 1603 sanctus,
676 1532 840 1606 innocens,
867 1531 965 1593 dives.
994 1533 1051 1593 llic

82 1619 195 1684 praetor
208 1611 287 1672 inter
302 1612 509 1673 nobilissimos
523 1613 608 1673 viros
625 1620 745 1674 creatus
766 1615 864 1689 primo
880 1616 965 1687 loco,
982 1631 1051 1675 cum

82 1693 103 1753 ei
115 1695 249 1770 dignatio
265 1694 341 1756 Iulia
361 1696 492 1770 genitam
515 1697 614 1756 Atiam
637 1697 832 1758 conciliasset
852 1712 994 1770 uxorem,
1010 1713 1051 1758 ex

82 1791 111 1838 eo
122 1778 242 1839 honore
254 1779 379 1841 sortitus
390 1779 603 1839 Macedoniam
613 1782 849 1855 appellatusque
864 1782 894 1842 in
906 1797 943 1841 ea
954 1781 1049 1855 impe·

80 1869 167 1935 rator,
179 1862 335 1923 decedens
346 1863 386 1923 ad
397 1863 574 1938 petitionem
586 1865 764 1924 consulatus
776 1863 850 1926 obiit
862 1870 1049 1940 praetextato

80 1945 175 2006 relicto
189 1945 264 2006 filio.
293 1946 388 2020 Quem
402 1947 432 2008 C.
447 1946 575 2020 Caesar,
589 1947 686 2008 maior
700 1948 766 2009 eius
781 1950 960 2021 avunculus,
976 1949 1048 2008 edu·
1062 1955 1082 2009 3

81 2034 169 2090 catum
183 2029 269 2103 apud
282 2029 455 2106 Philippum
465 2031 605 2090 vitricum
617 2031 722 2094 dilexit
735 2039 769 2093 ut
783 2048 873 2092 suum
885 2039 1049 2108 natumque

82 2124 169 2173 annos
197 2112 407 2188 duodeviginti
421 2113 635 2189 Hispaniensis
660 2116 784 2177 militiae
809 2117 988 2177 adsecutum
1012 2130 1049 2179 sc

80 2201 182 2266 postea
197 2197 337 2257 comitem
351 2196 470 2270 habuit,
491 2214 647 2272 nunquam
669 2207 722 2260 aut
736 2199 795 2260 alio
810 2215 900 2260 usum
913 2198 1048 2276 hospitio

80 2292 160 2350 quam
174 2295 233 2340 suo
248 2280 366 2342 autalio
375 2288 495 2341 vectum
508 2280 664 2355 vehiculo,
681 2282 939 2359 pontificatusque
945 2297 1048 2343 saecr-

80 2358 152 2424 lotio
179 2379 308 2438 puerum
332 2364 502 2425 honoravit.
531 2365 569 2425 Et
589 2364 716 2438 patratis
739 2364 829 2426 bellis
844 2366 983 2427 civilibus
1009 2367 1077 2426 ads

79 2446 269 2508 emdieudam
282 2446 459 2508 liberalibus
472 2445 643 2522 disciplinis
652 2445 816 2521 singularis
823 2449 957 2510 indolem
963 2450 1048 2511 iuve-

78 2525 325 2606 uisApottoniom
348 2546 417 2591 eum
438 2531 468 2591 in
484 2529 585 2591 studia
603 2530 743 2604 miserat,
764 2546 837 2591 mox
858 2532 930 2592 belli
952 2532 1047 2592 Getici

78 2621 106 2670 ac
125 2611 239 2674 deinde
258 2613 388 2675 Parthici
406 2613 564 2675 habiturus
592 2614 834 2675 commilitonem.
871 2612 924 2675 Cui
944 2621 979 2674 ut
1000 2619 1075 2675 ests

78 2697 237 2759 umtiatum
251 2697 291 2757 de
305 2699 401 2758 caede
416 2699 573 2769 avunculi,
589 2714 656 2759 cunr
672 2698 811 2775 protinus
826 2713 866 2758 ex
881 2695 990 2759 vicinis
1003 2697 1045 2757 le·

78 2775 210 2848 n'onibus
226 2781 421 2842 centuriones
436 2798 525 2842 suam
535 2781 723 2858 suorumque
738 2781 864 2844 militum
877 2797 1003 2858 operam
1018 2780 1046 2841 ei

77 2863 286 2930 pollicerentur
315 2879 417 2939 neque
449 2880 518 2926 cam
551 2866 757 2941 spernendam
792 2864 988 2926 Salvidienus
1017 2871 1047 2925 et

76 2940 204 3024 Agrippa
211 2948 361 3021 dicerent,
376 2948 427 3007 ille
437 2948 585 3009 festinans
597 2950 794 3025 pervenirem
806 2949 913 3009 urbem
925 2964 1045 3010 omnem

78 3028 204 3092 ordinem
218 3049 255 3093 ac
267 3030 415 3092 rationem
429 3039 460 3092 et
472 3031 557 3092 necis
572 3041 603 3094 ct
616 3033 786 3094 testamenti
793 3030 948 3093 Brundusi
963 3046 1043 3093 oom-

77 3111 152 3179 perit.
183 3113 238 3176 cui
252 3114 426 3176 adventanti
436 3115 565 3176 Romam
579 3117 718 3178 immanis
733 3115 898 3176 amicorum
914 3115 1074 3176 occurrito

77 3188 253 3273 loquentia,
268 3204 299 3259 et
314 3214 384 3259 cum
398 3197 536 3273 intraret,
552 3202 635 3262 circu
645 3201 743 3262 orbem
758 3201 833 3261 solis
849 3196 933 3260 orbis
949 3214 1044 3273 super

78 3286 158 3352 caput
172 3282 239 3343 eius
254 3288 397 3344 curvatus
413 3283 580 3357 acqualiter
597 3285 842 3360 rotundatusque
862 3283 892 3344 in
909 3283 1043 3344 colorem

77 3369 156 3424 uuus
171 3367 255 3427 velut
269 3381 416 3429 eoronam
430 3366 504 3429 urnii
515 3382 588 3428 mox
605 3365 662 3427 viri
681 3368 773 3442 cupiti
786 3369 948 3444 imponens
970 3382 1042 3427 con·

77 3452 191 3514 tractus
207 3458 264 3512 est.

837 3535 876 3594 aa
