2340 3946
197 207 201 216 ’
241 236 451 299 rnsroama
472 235 664 298 aouanau
683 237 724 311 ιι,
743 245 788 300 aa
962 235 1004 299 ts

10 389 180 451 tribunatu
201 389 281 463 tulit,
305 387 357 463 qni
377 386 475 448 civem
494 386 665 449 Romanum
686 386 891 448 indemnatum
912 385 1004 448 inter-

10 473 166 546 emisset,
187 470 216 531 ei
230 486 312 548 aqua
328 477 359 530 et
371 470 433 546 igni
453 470 699 540 interdicendum
719 469 808 532 cuius
827 469 929 531 verbis
945 470 1004 532 etsi

10 573 78 618 non
97 554 316 617 nominabatur
329 554 452 627 Cicero,
473 563 572 616 tamen
594 553 680 615 solus
700 553 874 628 petebatur=
896 552 938 614 ita
957 555 1005 616 vir·

10 641 139 716 optime
153 637 278 700 meritus
293 639 333 698 de
352 637 509 713 republica
524 644 724 698 conservatae
738 637 855 711 patriae
874 639 1003 713 pretium

10 721 225 784 calamitatem
237 720 309 783 exili
323 722 398 782 tulit.
418 721 485 782 Non
497 727 660 781 caruerunt
670 720 849 795 suspicione
860 721 1004 796 oppressi
1019 731 1035 782 2

10 807 182 868 ciceronis
194 805 308 866 Cacsar
321 813 352 866 et
365 805 538 880 Pompeius.
559 805 626 865 Hoc
641 804 700 864 sibi
714 805 905 865 contraxisse
919 806 1003 866 vide·

11 890 112 951 batur
120 889 237 964 Cicero,
254 889 339 964 quod
353 890 432 949 inter
447 888 636 965 uigintiuiros
651 887 818 949 dividendo
831 904 905 962 agro
918 888 1002 949 cam-

10 989 105 1049 pano
120 988 194 1034 esse
207 974 367 1034 noluisset.
397 973 481 1034 ldem
501 972 579 1034 intra
593 972 746 1034 biennium
762 988 833 1033 sera
847 972 899 1033 cn.
915 971 1002 1033 Pom·
1018 983 1036 1038 3

11 1058 69 1134 pei
95 1072 185 1132 cura,
207 1073 329 1133 verum,
351 1065 385 1119 ut
404 1055 520 1133 coepit,
542 1057 657 1118 intenta
678 1056 823 1133 votisque
843 1054 947 1116 ltaliae
968 1073 1004 1117 ac

10 1141 156 1202 decretis
177 1150 318 1215 senatus,
339 1142 450 1203 virtute
471 1147 565 1216 atque
578 1141 699 1203 actione
712 1141 792 1201 Anni
808 1140 931 1201 Milonis
952 1138 1004 1200 tri·

10 1223 95 1286 launi
110 1225 211 1300 plebis
224 1224 361 1300 dignitati
376 1224 555 1302 patriaeque
564 1225 722 1286 restitutus
734 1231 796 1285 est=
817 1240 918 1298 neque
933 1231 1005 1300 post

10 1305 171 1387 Numidici
188 1308 309 1369 exilium
324 1318 377 1370 aut
395 1309 526 1371 reditum
542 1309 705 1385 quisquam
720 1316 774 1370 aut
787 1310 938 1384 expulsus
958 1309 1003 1368 iu-

10 1391 189 1467 vidiosius‚
215 1401 268 1454 aut
286 1400 430 1469 receptus
451 1399 499 1453 est
518 1393 644 1463 laetius;
671 1393 760 1454 euius
780 1392 890 1454 domus
911 1408 1003 1469 quam

10 1468 134 1536 iaicste
154 1491 173 1535 a
188 1475 293 1536 clodio
309 1476 439 1538 disiecta
453 1484 532 1549 crat,
552 1483 611 1536 tam
628 1478 774 1552 speciose
793 1492 812 1536 a
832 1484 941 1538 senatu
955 1491 1003 1536 rc·

10 1560 127 1620 stituta
142 1567 197 1619 est.
227 1560 313 1618 ldem
326 1559 359 1617 P.
375 1560 499 1620 clodius
514 1559 545 1617 in
558 1558 710 1619 tribunatu
725 1560 784 1619 sub
798 1558 1035 1619 honorificent

10 1640 142 1703 tissima
158 1642 306 1701 ministeri
321 1642 405 1702 titulo
419 1641 460 1700 M.
477 1641 621 1702 Catonem
636 1657 655 1700 a
669 1641 828 1717 republica
840 1641 1002 1715 relegavit:

11 1726 141 1802 quippe
156 1724 254 1799 legem
268 1723 349 1798 tulit,
370 1734 403 1786 ut
417 1724 443 1784 is
459 1732 604 1799 quaestor
617 1740 686 1785 cum
700 1725 766 1785 iure
781 1725 933 1799 practorio
949 1724 1003 1784 ad-

10 1804 99 1870 iaeto
124 1809 214 1869 etiam
238 1815 402 1881 quaestore
422 1809 589 1870 mitteretur
608 1808 640 1868 in
659 1809 790 1870 insulam
806 1807 941 1886 Cyprum
962 1807 1003 1868 ad

10 1891 218 1968 spoliandam
242 1906 338 1966 regno
362 1892 582 1964 Ptolemaeum,
612 1892 752 1954 omnibus
777 1908 896 1952 morum
920 1890 1001 1953 vitiis

10 1990 90 2036 eam
105 1975 320 2036 contumeliam
337 1975 483 2036 meritum.
512 1975 576 2037 Sed
596 1976 646 2037 ille
661 1977 719 2038 sub
735 1978 899 2037 adventum
914 1976 1033 2036 cato-5

12 2058 67 2120 nis
86 2060 167 2118 vitae
181 2073 257 2119 suae
270 2058 332 2118 vim
346 2060 458 2130 intulit;
479 2061 561 2120 unde
581 2061 743 2136 pecuniam
763 2062 855 2135 longe
877 2065 1002 2134 sperata

14 2143 167 2204 maiorem
183 2142 255 2204 Cato
269 2143 397 2204 Romam
412 2145 529 2214 retulit;
553 2144 641 2205 cuius
661 2143 861 2219 integritatem
883 2142 1000 2203 laudari

16 2228 110 2287 aetas
125 2233 187 2301 cst,
208 2226 370 2287 insolentia
390 2244 489 2302 paene
509 2229 595 2302 argui
615 2235 730 2303 potest,
756 2229 840 2303 quod
855 2242 917 2288 una
932 2242 1000 2286 cum

15 2309 201 2371 consulibus
222 2326 259 2370 aa
274 2319 383 2370 senatu
398 2311 498 2372 affusa
519 2311 639 2371 civitate
654 2311 776 2371 obviarn
792 2329 862 2372 cum
881 2327 938 2387 per
952 2311 999 2371 Ti-

16 2391 117 2453 berim
138 2394 255 2454 subiret
276 2394 421 2467 navibus,
441 2410 503 2453 non
524 2400 595 2453 ante
615 2395 642 2453 is
663 2409 809 2468 egressus
824 2402 886 2470 cst,
909 2409 1000 2470 quam

18 2477 59 2537 ad
75 2492 147 2537 aum
161 2476 262 2538 locum
278 2478 431 2552 pervenit,
453 2477 505 2537 ubi
521 2484 586 2538 erat
599 2478 784 2550 exponenda
798 2477 938 2551 pecunia.

102 2559 207 2620 XLVI.
237 2556 311 2620 Cum
327 2561 438 2621 deinde
452 2561 590 2622 immanis
606 2576 671 2633 res,
691 2561 742 2620 vix
757 2560 859 2620 multis
873 2560 1001 2621 volumi·
1016 2575 1032 2625 1

10 2643 112 2705 nibus
127 2644 344 2719 explicandas,
368 2645 398 2705 C.
415 2645 528 2706 Caesar
548 2645 577 2704 in
595 2644 692 2704 Gallia
712 2650 832 2720 ageret,
854 2658 912 2704 nec
927 2657 1001 2704 con·

21 2732 123 2788 antus
134 2727 271 2803 plurimis
282 2744 320 2788 ac
332 2728 517 2790 felicissimis
525 2726 1001 2805 victoriisinnumerabilibusque

10 2810 123 2871 'eaesis
138 2818 168 2872 et
182 2812 281 2886 captis
294 2811 428 2873 hostium
442 2813 564 2874 milibus
579 2812 669 2875 etiam
689 2812 721 2873 in
734 2813 922 2875 Britanniam
941 2820 994 2873 tra·

24 2890 147 2955 iecisset
160 2896 346 2970 exercitum,
372 2898 497 2957 alterum
514 2913 612 2971 paene
625 2895 754 2972 imperio
770 2904 875 2958 nostro
889 2913 927 2957 aa
942 2912 999 2956 suo

24 2990 175 3051 quaerens
197 2979 317 3053 orbern,
338 2987 427 3040 vetus
450 2996 507 3055 par
520 2981 695 3054 consulum,
718 2980 770 3041 Gn.
785 2980 951 3054 Pompeius
971 2986 1002 3038 et

24 3056 61 3120 lt
72 3061 219 3137 Crassus,
233 3064 361 3124 alterum
376 3064 471 3124 iniere
486 3067 685 3137 consulatum,
704 3064 756 3139 qui
770 3078 873 3137 neque
888 3061 1000 3135 petitus

18 3140 151 3206 'boneste
171 3147 211 3206 ab
229 3145 281 3222 iis,
311 3163 413 3223 neque
439 3146 637 3223 probabiliter
657 3150 763 3223 gestus
784 3153 840 3206 est.
877 3143 1031 3205 Caesarii

14 3224 97 3304 lese,
110 3229 373 3305 quamPompeius
384 3232 423 3292 ad
437 3232 582 3306 populum
594 3232 668 3305 tulit,
680 3238 866 3307 prorogatae
876 3228 906 3290 in
919 3229 1000 3288 idem

14 3314 153 3385 ¹titatium
172 3316 319 3389 temporis
334 3314 527 3390 provinciam
554 3315 681 3390 Crasso,
702 3316 816 3376 bellum
828 3313 1000 3375 Parthicum

24 3390 165 3458 inanimo
180 3398 330 3472 molienti,
352 3394 444 3479 'Syria
459 3399 596 3472 decreta,
619 3399 671 3473 qui
690 3398 738 3459 vir
753 3405 856 3460 cetera
871 3397 998 3459 sanctis·

24 3477 116 3542 aimus
137 3480 343 3560 immunisque
362 3484 571 3560 voluptatibus
585 3497 687 3559 neque
702 3483 731 3542 in
753 3481 885 3558 pecunia
898 3497 1000 3558 neque
