2370 3946
139 227 181 292 10
426 228 467 287 M.
482 227 625 288 vulcat
639 227 857 290 PATERCULI

137 400 193 459 per
206 383 285 443 inter
298 397 382 441 arma
396 397 433 442 ac
450 381 552 443 studia
562 387 703 440 versatus
719 387 771 440 aut
785 396 898 455 corpus
912 381 1004 455 perior

104 481 123 535 4
138 467 269 527 animum
285 464 454 540 disciplinis
469 464 614 524 exercuit.
644 463 807 524 Mummius
822 471 882 524 tam
894 465 979 524 rudis
995 466 1004 522 l

137 558 228 624 capta
239 548 381 609 Corintho
396 564 464 609 cum
476 547 676 609 maximorum
691 546 840 607 artificum
856 550 1004 622 perlectas

137 632 195 693 bus
207 633 326 692 tabulas
339 649 375 692 ae
388 640 503 692 statuas
515 631 545 691 in
557 631 673 692 ltaliam
686 632 853 706 portandas
865 633 988 704 locaret,
1002 634 1004 688 l

138 716 274 792 praedici
295 715 552 786 conducentibus,
578 716 677 776 sicas
699 715 921 790 perdidissent,
947 732 1004 774 nou

105 800 321 868 creddituros.
350 801 417 860 Non
433 807 533 859 tamen
555 807 629 873 puto
648 799 784 872 dubites,
798 799 909 869 Vinici,
933 799 1004 873 quin

136 899 193 959 pro
215 883 374 957 republica
394 883 484 943 luerit
503 898 627 943 manere
646 882 747 943 adhuc
776 883 882 942 rudem
898 882 1004 941 Corintl

136 968 334 1039 intellectum,
352 981 443 1040 quarn
458 965 488 1024 in
504 972 618 1026 tanturn
634 982 671 1025 ea
685 966 819 1040 intelligi,
842 973 872 1025 et
887 965 959 1039 quin
971 966 1004 1023 ha

137 1051 239 1110 dentia
252 1050 304 1110 illa
317 1049 520 1124 imprudentia
531 1048 635 1110 decori
649 1050 771 1124 publico
783 1047 1004 1109 lueritconveni

220 1134 300 1194 xlv.
341 1132 414 1204 Cum
435 1132 555 1192 facilius
571 1133 721 1207 cuiusque
741 1132 787 1191 rei
808 1134 837 1191 in
853 1149 947 1192 unum
962 1149 1004 1192 cor

137 1217 275 1292 species,
292 1231 383 1290 quam
399 1216 498 1276 divisa
511 1217 699 1290 temporibus
716 1214 812 1275 oculis
828 1216 999 1290 animisque

135 1306 210 1374 reat,
232 1299 322 1360 statui
337 1299 469 1374 priorem
484 1300 574 1359 huius
591 1299 753 1359 voluminis
768 1300 1004 1373 posterioremqu

135 1391 196 1443 tem
217 1399 278 1443 non
298 1382 393 1442 inutili
416 1398 517 1444 rerum
538 1381 643 1443 notitia
663 1383 693 1442 in
717 1388 812 1441 artum
834 1389 990 1442 contracta

135 1481 229 1541 gnere
243 1473 336 1541 atque
348 1466 418 1526 huic
433 1467 501 1528 loco
513 1467 648 1526 inserere
660 1482 739 1541 quae
756 1481 879 1540 quoque
894 1474 1004 1540 tempor

135 1549 292 1610 Romame
305 1551 397 1610 Gallis
410 1558 529 1626 captam
541 1549 672 1610 deducta
686 1549 726 1609 sit
739 1550 860 1610 colonia
875 1549 962 1608 iussu
973 1565 1004 1607 se

135 1651 206 1694 narn
221 1632 392 1696 militarium
407 1641 560 1697 etoausae
576 1640 606 1694 et
617 1640 759 1694 auctores
774 1649 814 1693 ex
831 1633 966 1706 ipsarum
983 1649 1002 1706 p

136 1727 208 1793 gent
222 1719 355 1779 nomine.
385 1718 463 1778 Huic
477 1720 520 1780 rei
539 1733 595 1793 per
609 1717 690 1777 idern
704 1725 826 1792 tempus
843 1717 993 1776 civitatem

136 1808 238 1875 galam
262 1809 446 1873 auctumque
465 1804 635 1862 Romanum
663 1817 773 1859 nomen
804 1801 1004 1860 communion

104 1882 218 1955 2haud
234 1883 447 1956 intempestive
463 1883 632 1944 subtexturi
646 1883 794 1942 videmur.
829 1883 903 1942 Post
924 1891 1004 1956 septe

137 1982 204 2041 noS,
218 1982 309 2041 quam
321 1966 397 2024 Galli
412 1967 517 2025 urbem
531 1971 685 2039 ceperunt,
703 1963 835 2024 Sutrium
851 1965 983 2024 deducta
998 1983 1004 2023 t

137 2057 229 2110 estet
243 2057 315 2125 post
327 2065 438 2108 annum
455 2048 538 2108 Setia
552 2062 724 2122 novemque
735 2046 900 2107 interiectis
915 2049 1002 2106 annis

138 2132 248 2192 deinde
263 2131 450 2205 interpositis
465 2131 588 2193 duobus
608 2137 640 2190 et
657 2129 776 2204 triginta
790 2130 905 2189 Aricini
919 2132 948 2189 in
966 2132 1004 2189 cir

105 2215 260 2289 qrecepti.
295 2213 415 2274 Abhinc
443 2231 541 2275 annos
572 2220 673 2274 autem
700 2221 854 2274 trecentos
879 2217 1004 2289 sexagin

136 2297 307 2372 Postumio,
329 2299 455 2359 Veturio
472 2297 596 2359 Calvino
618 2298 798 2360 consulibus
811 2299 972 2373 Campanis
986 2301 1004 2358 d

137 2381 244 2443 civitas
265 2381 407 2457 partique
422 2381 599 2444 Samnitium
615 2383 682 2443 siue
694 2382 851 2459 suffragio,
868 2391 898 2443 et
912 2385 1004 2443 endec

107 2464 226 2525 edales
238 2467 368 2526 deducta
381 2467 511 2528 colonia.
536 2467 697 2527 interiecto
713 2467 824 2526 deinde
839 2468 1001 2527 triennioF

136 2549 324 2610 etFormiani
338 2550 368 2608 in
384 2548 536 2611 civitatem
552 2550 669 2625 recepti
684 2566 721 2610 eo
730 2550 799 2625 ipso
811 2566 901 2623 anno,
914 2552 1004 2623 quon

136 2633 211 2693 drea
225 2634 348 2692 condita
361 2640 423 2706 est,
438 2632 734 2706 insequentibusque
752 2632 930 2692 consulibus
959 2649 977 2691 a
998 2634 1004 2689 t

136 2715 256 2788 stumio,
272 2714 532 2775 PhilonePublilio
548 2715 730 2775 censoribus
742 2715 908 2775 Acerranis
924 2717 994 2775 data

136 2804 253 2872 etpost
273 2798 434 2857 triennium
449 2797 613 2857 Tarracina
628 2798 760 2859 deducta
782 2799 902 2860 colonia
921 2800 1004 2874 interl

138 2897 198 2956 que
224 2881 423 2956 quadriennio
449 2882 580 2942 Luceria
604 2897 640 2941 ac
667 2882 777 2942 deinde
802 2884 958 2943 interiecto
988 2891 1004 2942 tr

138 2963 255 3025 Suessa
265 2966 411 3025 Aurunca
426 2973 456 3026 et
468 2964 610 3040 Saticula,
625 2967 857 3042 Interamnaque
868 2973 939 3041 post
952 2967 1002 3025 bie

110 3049 249 3109 bDecem
271 3050 383 3109 deinde
404 3049 464 3111 boc
479 3065 605 3109 munere
619 3050 691 3108 anni
715 3059 917 3119 vacaverunt;
947 3057 1004 3109 tum

136 3140 229 3207 atque
243 3132 323 3192 Alba
338 3133 490 3193 deductae
505 3133 653 3205 coloniae,
669 3140 700 3193 et
714 3133 849 3194 Carseoli
865 3141 938 3207 post
953 3134 1004 3193 bie

136 3219 177 3276 At
187 3215 221 3289 Q.
231 3215 327 3276 Fabio
341 3215 487 3291 quintum,
499 3217 592 3276 Decio
603 3217 689 3275 lllure
701 3225 839 3291 quartum
853 3218 1004 3277 consulibr

137 3315 218 3360 anno
238 3299 374 3377 Pyrrhus
394 3316 525 3375 regnare
550 3301 665 3375 coepit,
693 3299 872 3360 Sinuessam
886 3301 1004 3360 Mintun

137 3383 223 3443 missi
239 3384 350 3459 coloni,
366 3392 438 3459 post
453 3384 686 3460 quadriennium
695 3384 880 3454 Venusiam;
897 3385 1003 3444 interie

136 3464 260 3528 biennio
281 3467 332 3527 Μ’.
353 3467 443 3530 Curio
460 3477 490 3528 et
505 3467 616 3528 Rufino
629 3468 768 3530 Cornelio
794 3468 972 3529 consulibus
994 3467 1004 3528 i
