2370 3946
164 213 207 276 94
433 214 474 272 Μ.
496 213 637 273 VELLEI
659 212 876 274 PATERGULI

165 365 330 429 Sacrouiro
345 365 500 441 Floroque
515 365 592 426 lulio
616 363 693 425 mua
710 364 865 427 celeritate
884 381 922 426 ac
936 363 1050 426 virtute
1065 381 1147 427 com
1180 394 1185 415 ε

165 450 288 526 pressit,
303 457 421 511 utente
435 450 733 525 populusilomanus
748 448 864 510 vicisse
875 465 910 512 se
925 465 1018 525 quam
1033 449 1148 511 bellare
1179 486 1185 503 t

165 541 368 608 cognosceret
395 533 589 609 nunciosque
618 531 747 609 periculi
774 532 921 594 victoriae
946 534 1149 608 praecederet
1180 563 1185 587 ι

165 616 318 679 nuncius?
345 616 450 693 Magni
469 616 559 678 etiam
579 614 704 677 terroris
727 616 840 678 bellum
855 617 993 678 Africum
1015 624 1047 678 et
1062 615 1148 679 colti-
1179 594 1185 670 ¹2

165 701 255 763 diano
278 710 370 762 auctu
390 700 489 762 maius
510 698 658 775 auspiciis
680 698 880 774 consiliisque
901 699 968 762 eius
989 699 1080 761 brevi
1101 715 1147 763 se-
1179 678 1185 738 ¹

165 785 282 862 pultum
296 793 354 846 est.
1088 786 1090 790 ’
1180 815 1184 824 -·

134 883 148 931 1
250 869 363 930 CXXX.
406 868 524 943 Quanto
549 884 606 928 suo
633 882 821 943 suorumque
849 866 972 929 nomine
997 864 1146 929 exslrtuit

165 960 282 1030 operat
297 970 390 1028 quam
406 953 457 1026 pia
470 951 678 1012 munificentia
689 967 846 1027 superque
860 951 1026 1012 humanam
1040 957 1148 1012 evecta

164 1037 256 1098 fidem
271 1039 417 1113 templum
429 1035 509 1110 patri
520 1034 664 1096 molitrul
681 1052 773 1110 quam
787 1034 950 1111 magnifico
965 1032 1060 1096 animi
1075 1041 1147 1097 tem·
1178 1078 1181 1083 -

163 1130 342 1198 peramento
351 1120 403 1181 (ln.
413 1135 538 1195 quoque
545 1118 672 1194 Pompei
683 1134 809 1180 munere
816 1120 979 1194 absumpta
989 1117 1148 1195 igniresti-

162 1204 241 1266 tuitl
263 1204 411 1281 quicquid
427 1206 505 1265 enim
519 1219 655 1278 unquam
666 1202 846 1265 claritudine
861 1201 996 1278 eminuit,
1011 1201 1046 1265 id
1054 1200 1148 1264 veluti
1177 1202 1182 1287 ξ

131 1299 147 1350 2
164 1296 328 1365 cognatum
339 1294 445 1349 censet
461 1287 616 1347 tuendum.
636 1286 701 1361 Qua
713 1286 891 1348 liberalitate
903 1287 1070 1359 cumatius,
1087 1293 1148 1349 lum

162 1371 305 1447 proxime
328 1371 582 1433 incenso·monte
604 1369 708 1432 Coelio
732 1369 830 1431 omnis
852 1370 970 1432 ordinis
991 1368 1147 1432 hominum

162 1454 298 1516 iacturae
318 1453 501 1530 patrimonio
523 1454 675 1515 succurrit
695 1462 775 1516 suot
810 1454 928 1529 Quanta
949 1470 1020 1516 cum
1045 1453 1148 1530 quiete

163 1537 320 1600 hominum
333 1556 398 1600 rem
413 1538 556 1616 perpetui
571 1537 793 1615 praecipuique
807 1538 934 1615 timoris,
950 1539 1148 1615 supplemen-

130 1635 147 1687 3
164 1631 240 1696 tum,
263 1623 330 1684 sinc
351 1623 556 1700 trepidatione
571 1623 709 1684 delectus
731 1621 896 1699 providet?
919 1621 953 1683 Si
966 1630 1019 1683 aut
1038 1629 1150 1683 natura

163 1709 276 1783 patitur
286 1715 340 1769 aut
354 1707 552 1769 mediocritas
566 1706 676 1781 recipit
689 1705 860 1780 hominum,
877 1707 978 1768 audeo
994 1720 1065 1766 cum
1080 1703 1149 1767 deis

163 1791 264 1866 querit
282 1791 357 1866 quid
371 1791 421 1852 hic
436 1791 561 1864 meruit,
580 1789 709 1865 primum
724 1798 759 1851 ut
772 1791 923 1852 scelerata
935 1791 1058 1851 Drusus
1071 1788 1148 1851 Libo

161 1872 251 1934 iniret
271 1873 422 1934 considat
453 1873 566 1934 deinde
588 1881 621 1934 ut
641 1872 749 1934 Silium
768 1873 975 1951 Pisonemque
996 1881 1061 1935 tam
1082 1871 1152 1951 [seii
1179 1868 1184 1875 ’

161 1974 250 2032 qoam
262 1960 383 2033 patriae
396 1958 519 2031 infestos
532 1958 667 2030 moeret,
684 1963 819 2032 quorum]
832 1957 957 2018 alterius
969 1954 1150 2033 dignitatem

162 2039 333 2113 constituit,
361 2039 447 2102 auxit
474 2039 622 2101 alterins?
650 2048 685 2101 ut
709 2041 749 2100 od
778 2040 894 2102 maiora
919 2039 1150 2115 transcendam,

162 2141 348 2199 quamquam
366 2123 488 2184 ethaeo
509 2124 561 2184 ille
574 2121 664 2184 duxit
680 2124 826 2198 maxima,
849 2124 939 2200 quid,
962 2132 997 2186 ut
1016 2124 1150 2185 iuvenes

129 2208 310 2269 demitteret
329 2206 433 2268 lilios?
464 2206 554 2281 quid,
574 2214 608 2268 ut
624 2216 770 2284 nepotem
790 2223 829 2270 ex
850 2210 953 2270 Druso
973 2215 1056 2271 suot
1085 2207 1150 2271 Do·

160 2291 253 2351 lenda
268 2290 369 2352 adhuc
389 2291 565 2364 retulimus;
586 2290 772 2353 veniendum
792 2293 832 2373 ad
852 2291 1069 2356 erubescenda
1082 2299 1149 2354 esta

161 2373 284 2450 quantis
310 2375 370 2438 hoc
396 2374 575 2449 triennium,
606 2375 646 2434 Μ.
670 2374 787 2452 Vinici,
814 2375 974 2438 doloribus
999 2373 1151 2439 laceravit

160 2457 294 2520 animum
309 2460 399 2521 eiust
416 2478 509 2536 quam
525 2459 578 2521 diu
591 2460 752 2535 abstruso,
770 2461 855 2536 quod
869 2458 1074 2522 miserrimum
1089 2467 1150 2535 est,

159 2551 269 2618 pectus
291 2543 358 2605 eius
380 2543 522 2620 flagravit
541 2543 702 2619 incendio,
724 2545 809 2620 quod
829 2561 869 2605 ex
888 2561 982 2620 nuru,
1004 2544 1092 2620 quod
1108 2558 1149 2605 cx

128 2635 273 2705 enepote
288 2629 410 2700 dolere,
432 2626 599 2702 indignari,
621 2628 804 2689 erubescere
820 2637 948 2691 coactus
963 2634 1025 2688 estt
1052 2625 1149 2689 (iuius

159 2711 307 2786 temporis
322 2711 544 2784 aegritudinem
558 2710 644 2771 auxit
657 2709 773 2771 amissa
784 2717 888 2786 mater,
905 2709 1149 2775 eminentissima

160 2801 191 2854 et
204 2809 262 2868 per
275 2792 378 2853 omnia
392 2792 461 2854 deis
476 2809 569 2869 quam
583 2792 759 2856 hominibus
774 2793 903 2856 similior
917 2793 1040 2870 lamina,
1056 2794 1148 2859 euius

159 2876 327 2953 potentiam
347 2892 438 2938 nemo
466 2875 564 2939 sensit
590 2876 650 2938 nisi
682 2887 735 2941 aut
761 2878 914 2942 levatione
938 2877 1071 2956 pericrdi
1093 2884 1148 2941 aut
1175 2888 1179 2895 ·

159 2958 343 3024 accessione
358 2959 525 3037 dignitatis.

129 3057 142 3109 t
243 3045 369 3106 CXXXI.
399 3047 482 3106 Volo
504 3045 672 3107 finiendum
688 3048 831 3108 volumen
852 3044 901 3107 sit.
932 3043 1071 3122 Iuppiter
1089 3045 1145 3108 (la-

163 3128 304 3206 pitoline,
334 3137 365 3191 et
387 3137 494 3191 auctor
520 3145 557 3190 ao
582 3136 679 3191 stator
701 3129 833 3193 Romani
857 3128 990 3191 nominis
1011 3129 1147 3191 Gradive

160 3213 259 3287 Mars,
275 3221 556 3289 perpetuorumque
571 3222 678 3276 custos
691 3216 788 3275 Vesta
803 3212 934 3290 ignium,
950 3220 981 3274 et
995 3211 1147 3290 quicquid

158 3296 315 3359 numinum
343 3296 423 3358 hanc
442 3294 571 3358 Romani
599 3296 708 3373 imperi
731 3296 842 3358 molem
866 3295 897 3356 in
919 3294 1146 3373 amplissimum

157 3389 306 3443 terrarum
326 3380 410 3443 orbis
432 3379 586 3457 fastigium
607 3380 728 3456 extulit,
759 3396 818 3441 vos
841 3378 965 3456 publica
986 3397 1066 3443 voce
1090 3381 1145 3443 ob·

156 3473 253 3526 testor
275 3472 368 3542 atque
387 3481 514 3542 precor,
538 3465 706 3540 custodite,
728 3472 866 3540 servate,
888 3462 1041 3541 protegite
1061 3464 1145 3527 huno
