2340 3946
232 206 442 268 HISTORIAE
460 206 653 268 ROMANAE
672 209 713 284 ll,
731 216 776 272 83.
790 218 834 272 84.
984 211 1025 275 65

18 375 134 438 quum
158 360 278 421 fortuna
298 375 360 420 non
382 360 516 420 animum
535 351 699 436 mutbssel‚
721 361 854 425 accessit
873 376 964 427 necte
986 365 1025 426 ad

17 444 204 506 stationem
217 444 386 504 Romanam
405 443 627 519 praedixitque,
646 461 685 504 ne
699 445 883 510 destinatum
897 447 956 509 iter
969 465 1023 525 pe-

16 533 138 590 terent
154 527 210 588 sed
226 527 350 587 diverso
366 524 562 603 silvestrique
583 528 796 602 pervaderent.
825 531 892 591 Hoc
905 530 945 591 M.
961 533 1024 593 An·
1039 540 1057 593 3

16 612 121 674 tonio
139 627 176 671 ac
191 617 235 671 tot
255 610 315 670 illis
336 609 506 685 legionibus
525 611 615 672 saluti
635 612 705 685 luit,
727 613 766 673 de
789 613 900 689 quibus
922 624 1023 676 tamen

17 700 168 771 totoque
179 692 314 755 exercitu
329 693 412 754 haud
426 693 526 754 minus
538 711 612 770 pars
626 703 742 770 quarta,
758 704 791 757 ut
804 698 1022 775 praediximus,

17 777 181 853 militum,
196 777 337 838 calonum
352 777 517 853 servilique
532 777 707 839 desiderata
722 780 878 855 tertiaeet,
895 781 1023 857 impedi·

20 869 211 925 mentorum
225 861 279 920 vix
289 862 351 921 ulla
366 861 533 936 superfuit:
548 862 628 922 hano
643 870 743 923 tamen
754 865 907 924 Antonius
920 867 1022 941 lugam

21 961 142 1019 suam,
167 945 238 1020 quia
251 944 340 1004 vivus
356 944 487 1019 exierat,
513 945 672 1006 victoriam
687 947 826 1009 vocabat.
863 948 920 1022 Qui
936 952 1022 1012 tertia

23 1035 154 1090 aestate
178 1044 323 1089 reversus
349 1026 379 1087 in
404 1029 579 1088 Armeniam
604 1046 710 1105 regem
735 1032 801 1091 eius
826 1033 1020 1094 Artavasden

22 1113 147 1174 iiaude
161 1112 323 1188 deceptum
339 1112 465 1186 catenis,
480 1113 591 1173 sedne
607 1115 679 1189 quid
694 1114 804 1175 honori
817 1116 950 1188 deesset,
968 1133 1021 1177 au-

22 1197 97 1257 reis
111 1194 220 1257 vinxit.
248 1195 411 1256 Crescente
426 1196 538 1257 deinde
552 1202 582 1255 et
596 1198 709 1259 amoris
724 1199 754 1259 in
771 1199 961 1274 Cleopatram
977 1202 1021 1259 in·
1036 1213 1053 1265 4

26 1280 149 1341 cendio
164 1286 195 1340 et
209 1279 366 1355 vitiorum,
394 1296 474 1354 quae
489 1295 613 1356 semper
627 1281 821 1344 facultalibus
836 1284 1021 1359 licentiaque

28 1370 63 1425 et
84 1362 347 1425 assentationibus
370 1364 505 1437 aluntur,
526 1363 750 1440 magnitudine,
771 1367 882 1427 bellum
903 1368 1020 1442 patriae

28 1448 150 1509 inferre
171 1447 340 1520 constituit,
366 1463 434 1508 cum
457 1455 527 1507 ante
547 1464 661 1509 novum
683 1467 718 1510 se
738 1451 881 1511 Liberum
900 1451 1020 1512 Patrem

32 1531 185 1609 appellari
211 1530 371 1604 iussisset,
407 1547 475 1591 cum
504 1532 663 1594 redimitus
690 1532 813 1594 hederis
842 1550 1020 1610 coronaque

32 1616 154 1677 relatus
170 1631 264 1675 aurea
278 1622 309 1675 et
322 1615 464 1692 thyrsum
479 1622 588 1674 tenens
604 1616 825 1692 cothurnisque
842 1618 1018 1678 succinctus

35 1713 129 1760 curru
143 1700 227 1759 velut
238 1697 333 1758 Liber
346 1698 434 1758 Pater
447 1704 556 1758 vectus
571 1707 656 1760 esset
668 1701 892 1761 Alexandreae.

116 1781 274 1842 LXXXHI.
296 1783 376 1842 Inter
391 1782 472 1842 hunc
487 1789 668 1857 apparatum
681 1782 959 1846 belliPloncusnon
973 1785 1018 1844 iu·
1035 1801 1050 1851 1

35 1862 116 1927 dicio
130 1871 214 1926 recta
228 1865 350 1940 legendi
366 1881 467 1942 neque
484 1882 589 1925 amore
603 1867 790 1943 reipublicae
803 1875 855 1928 aut
867 1868 1016 1942 Caesarie

38 1949 153 2025 quippe
172 1949 251 2008 haec
271 1964 395 2023 semper
415 1949 628 2025 impugnabat,
655 1952 711 2011 sed
736 1951 844 2012 morbo
870 1953 1017 2028 proditor,

38 2046 105 2093 eum
120 2032 231 2093 luisset
245 2031 429 2093 humillimus
445 2040 617 2094 assentator
630 2036 756 2109 reginae
771 2043 801 2096 et
814 2036 893 2094 inira
908 2051 1017 2095 servos

14 2184 17 2189 ,
38 2116 147 2191 eliens,
168 2131 238 2176 cum
253 2117 365 2177 Antoni
379 2116 537 2191 librarius,
559 2133 628 2178 eum
644 2118 956 2180 obscoenissimarum
970 2133 1014 2178 re·
1033 2135 1050 2186 p

38 2214 100 2261 rum
115 2205 147 2260 ct
161 2204 268 2260 auctor
282 2206 313 2260 et
325 2201 477 2274 minister,
499 2217 568 2261 cum
583 2202 612 2261 in
629 2203 731 2262 omnia
752 2210 782 2262 et
798 2204 852 2276 [in]
875 2201 1017 2263 omnibus

10 2314 15 2331 τ
39 2281 169 2357 venalis,
195 2297 263 2344 eum
290 2286 482 2345 caemleatus
503 2292 533 2344 et
556 2287 658 2346 nudus
681 2293 835 2361 caputque
858 2286 1016 2347 redimitus

40 2365 185 2427 nundine
205 2372 235 2426 et
255 2368 384 2428 caudam
409 2368 548 2441 trahens,
575 2369 705 2442 genibus
726 2369 849 2430 innixus
871 2371 1017 2430 Glaucum

41 2450 180 2511 saltasset
200 2450 230 2510 in
255 2449 415 2526 convivio,
439 2450 636 2526 refrigeratus
658 2451 696 2511 ob
711 2453 846 2513 Antonio
862 2453 901 2511 ob
923 2452 1017 2512 mani-

42 2531 179 2594 testarum
205 2535 382 2609 rapinarum
406 2536 518 2595 indieia
539 2536 702 2609 transfugit
722 2536 762 2595 ad
784 2535 961 2596 Caesarem=
988 2544 1018 2595 et

34 2610 114 2676 idern
128 2624 240 2692 postea
256 2618 445 2679 clementiam
460 2619 585 2680 victoris
600 2636 655 2695 pro
672 2635 729 2679 sua
742 2619 853 2680 virtute
868 2619 1017 2692 interpre-

43 2697 168 2775 tabatur,
193 2699 336 2762 dictitans
357 2701 389 2761 id
409 2703 571 2778 probatum
592 2703 773 2778 aCaesare,
794 2703 842 2764 eui
864 2701 914 2762 ille
929 2700 1016 2778 igno·

43 2791 128 2845 verat.
162 2783 252 2844 Hunc
274 2801 347 2846 mox
367 2788 550 2847 avunculum
570 2787 664 2847 Titius
685 2788 815 2848 imitatus
838 2794 894 2848 est.
927 2785 1049 2855 Houda

42 2864 168 2927 absurde
182 2866 355 2942 Coponius,
376 2869 423 2928 vir
437 2886 477 2929 ex
498 2871 659 2946 praetoriis
674 2871 891 2947 gravissimus,
912 2870 945 2929 P.
962 2869 1017 2929 Sili

43 2960 139 3022 socer,
166 2966 236 3012 eum
254 2967 364 3011 recens
386 2954 544 3028 transfuga
564 2955 659 3014 multe
679 2970 717 3014 ac
738 2955 870 3014 nefanda
884 2953 1015 3012 Plancus

43 3029 151 3094 absenti
161 3034 297 3095 Antonio
312 3034 342 3094 in
358 3044 467 3097 senatu
482 3036 643 3098 obiiceret:
658 3040 759 3112 multa,
775 3037 881 3111 inquit,
895 3034 1015 3093 meher-

43 3116 117 3176 cules
133 3117 206 3178 feeit
220 3117 372 3179 Antonius
388 3120 487 3194 pridie
503 3137 594 3194 quam
609 3128 641 3181 lu
657 3121 740 3181 illum
755 3120 956 3194 relinqueres.

114 3199 275 3262 LXXXIV.
306 3202 437 3263 Caesare
458 3203 570 3264 deinde
590 3212 620 3266 et
633 3205 778 3265 Messalla
794 3203 924 3264 Corvino
943 3217 1008 3261 con·
1031 3214 1043 3264 1

42 3281 155 3345 nulibus
177 3284 361 3348 debellatum
381 3288 465 3363 apud
485 3287 620 3362 Actium,
644 3287 696 3347 ubi
720 3289 812 3362 longe
832 3294 902 3348 ante
923 3299 1015 3361 quam

41 3361 238 3443 dimicaretur,
253 3370 498 3445 exploratissima
509 3371 693 3431 Iulianarum
703 3372 833 3447 partium
851 3371 905 3431 luit
920 3368 1016 3429 victo·

41 3447 94 3508 riez
120 3450 246 3526 vigebat
265 3453 295 3513 in
317 3453 376 3514 hac
397 3463 483 3531 perte
503 3453 591 3514 miles
606 3461 698 3530 atque
712 3455 892 3532 imperator,
919 3452 948 3513 in
964 3449 1048 3516 illae

76 3533 343 3598 VernauPnrrnc.
834 3547 858 3597 t»
