<?xml version="1.0" encoding="UTF-8"?>
<!DOCTYPE html PUBLIC "-//W3C//DTD XHTML 1.0 Transitional//EN"
    "http://www.w3.org/TR/xhtml1/DTD/xhtml1-transitional.dtd">
<html xmlns="http://www.w3.org/1999/xhtml" xml:lang="en" lang="en">
 <head>
  <title>
</title>
<meta http-equiv="Content-Type" content="text/html;charset=utf-8" />
  <meta name='ocr-system' content='tesseract 3.04.00' />
  <meta name='ocr-capabilities' content='ocr_page ocr_carea ocr_par ocr_line ocrx_word'/>
</head>
<body>
  <div class='ocr_page' id='page_1' title='image "./mvelleipatercul00pategoog_0033.png"; bbox 0 0 2340 3946; ppageno 0'>
   <div class='ocr_carea' id='block_1_1' title="bbox 144 222 847 293">
    <p class='ocr_par' dir='ltr' id='par_1_1' title="bbox 144 222 847 293">
     <span class='ocr_line' id='line_1_1' title="bbox 144 222 847 293; baseline -0.014 -1"><span class='ocrx_word' id='word_1_1' title='bbox 144 226 186 293; x_wconf 75' lang='lat' dir='ltr'>lt</span> <span class='ocrx_word' id='word_1_2' title='bbox 421 225 461 284; x_wconf 88' lang='grc' dir='ltr'>Μ.</span> <span class='ocrx_word' id='word_1_3' title='bbox 476 222 616 284; x_wconf 83' lang='lat' dir='ltr'>VELLEl</span> <span class='ocrx_word' id='word_1_4' title='bbox 631 222 847 284; x_wconf 83' lang='lat' dir='ltr'><strong>PATERCULI</strong></span> 
     </span>
    </p>
   </div>
   <div class='ocr_carea' id='block_1_2' title="bbox 420 631 847 710">
    <p class='ocr_par' dir='ltr' id='par_1_2' title="bbox 420 631 847 710">
     <span class='ocr_line' id='line_1_2' title="bbox 420 631 847 710; baseline 0.002 -1"><span class='ocrx_word' id='word_1_5' title='bbox 420 634 457 710; x_wconf 88' lang='lat' dir='ltr'>M.</span> <span class='ocrx_word' id='word_1_6' title='bbox 473 633 614 709; x_wconf 77' lang='lat' dir='ltr'>vultui</span> <span class='ocrx_word' id='word_1_7' title='bbox 628 631 847 710; x_wconf 79' lang='lat' dir='ltr'><strong>PATERGULI</strong></span> 
     </span>
    </p>
   </div>
   <div class='ocr_carea' id='block_1_3' title="bbox 189 819 993 937">
    <p class='ocr_par' dir='ltr' id='par_1_3' title="bbox 189 819 993 937">
     <span class='ocr_line' id='line_1_3' title="bbox 189 819 993 937; baseline 0.001 -1"><span class='ocrx_word' id='word_1_8' title='bbox 189 890 191 895; x_wconf 94' lang='lat'>·</span> <span class='ocrx_word' id='word_1_9' title='bbox 271 821 630 937; x_wconf 83' lang='lat' dir='ltr'>llltltllltll</span> <span class='ocrx_word' id='word_1_10' title='bbox 673 819 993 937; x_wconf 79' lang='lat' dir='ltr'>ttulllllt</span> 
     </span>
    </p>
   </div>
   <div class='ocr_carea' id='block_1_4' title="bbox 460 1017 862 1276">
    <p class='ocr_par' dir='ltr' id='par_1_4' title="bbox 460 1017 862 1276">
     <span class='ocr_line' id='line_1_4' title="bbox 471 1017 862 1097; baseline 0.003 -1"><span class='ocrx_word' id='word_1_11' title='bbox 471 1027 816 1097; x_wconf 66' lang='lat' dir='ltr'>rnuumcmucos</span> <span class='ocrx_word' id='word_1_12' title='bbox 857 1017 862 1026; x_wconf 86' lang='lat'><em>&#39;</em></span> 
     </span>
     <span class='ocr_line' id='line_1_5' title="bbox 460 1204 809 1276; baseline -0.026 -2"><span class='ocrx_word' id='word_1_13' title='bbox 460 1204 572 1276; x_wconf 80' lang='lat' dir='ltr'>tuan</span> <span class='ocrx_word' id='word_1_14' title='bbox 587 1205 809 1267; x_wconf 84' lang='lat' dir='ltr'>rosramoa.</span> 
     </span>
    </p>
   </div>
   <div class='ocr_carea' id='block_1_5' title="bbox 561 1388 700 1397">
    <p class='ocr_par' dir='ltr' id='par_1_5' title="bbox 561 1388 700 1397">
     <span class='ocr_line' id='line_1_6' title="bbox 561 1388 700 1397; baseline 0.022 -3"><span class='ocrx_word' id='word_1_15' title='bbox 561 1388 700 1397; x_wconf 72' lang='lat' dir='ltr'>——u—</span> 
     </span>
    </p>
   </div>
   <div class='ocr_carea' id='block_1_6' title="bbox 119 1506 1112 1956">
    <p class='ocr_par' dir='ltr' id='par_1_6' title="bbox 119 1506 1112 1956">
     <span class='ocr_line' id='line_1_7' title="bbox 119 1506 1112 1624; baseline -0.006 -15"><span class='ocrx_word' id='word_1_16' title='bbox 119 1559 134 1609; x_wconf 92' lang='lat'>1</span> <span class='ocrx_word' id='word_1_17' title='bbox 233 1547 255 1606; x_wconf 93' lang='lat' dir='ltr'>I.</span> <span class='ocrx_word' id='word_1_18' title='bbox 298 1506 460 1609; x_wconf 79' lang='lat' dir='ltr'>Potentiae</span> <span class='ocrx_word' id='word_1_19' title='bbox 482 1551 690 1610; x_wconf 88' lang='lat' dir='ltr'>Romanorum</span> <span class='ocrx_word' id='word_1_20' title='bbox 713 1546 799 1624; x_wconf 89' lang='lat' dir='ltr'>prior</span> <span class='ocrx_word' id='word_1_21' title='bbox 817 1545 921 1621; x_wconf 79' lang='lat' dir='ltr'>Scipio</span> <span class='ocrx_word' id='word_1_22' title='bbox 952 1545 1033 1605; x_wconf 90' lang='lat' dir='ltr'>viam</span> <span class='ocrx_word' id='word_1_23' title='bbox 1061 1558 1112 1621; x_wconf 85' lang='lat' dir='ltr'>ape</span> 
     </span>
     <span class='ocr_line' id='line_1_8' title="bbox 150 1629 1112 1708; baseline -0.004 -17"><span class='ocrx_word' id='word_1_24' title='bbox 150 1639 262 1705; x_wconf 79' lang='lat' dir='ltr'>ruerat,</span> <span class='ocrx_word' id='word_1_25' title='bbox 278 1632 416 1693; x_wconf 81' lang='lat' dir='ltr'>luxuriae</span> <span class='ocrx_word' id='word_1_26' title='bbox 429 1632 580 1707; x_wconf 82' lang='lat' dir='ltr'><strong>posterior</strong></span> <span class='ocrx_word' id='word_1_27' title='bbox 590 1633 725 1708; x_wconf 79' lang='lat' dir='ltr'>aperuit3</span> <span class='ocrx_word' id='word_1_28' title='bbox 748 1630 863 1707; x_wconf 81' lang='lat' dir='ltr'>quippe</span> <span class='ocrx_word' id='word_1_29' title='bbox 878 1637 996 1690; x_wconf 89' lang='lat' dir='ltr'>remoto</span> <span class='ocrx_word' id='word_1_30' title='bbox 1010 1629 1112 1690; x_wconf 78' lang='lat' dir='ltr'>cartha</span> 
     </span>
     <span class='ocr_line' id='line_1_9' title="bbox 151 1714 1112 1793; baseline -0.002 -19"><span class='ocrx_word' id='word_1_31' title='bbox 151 1715 232 1790; x_wconf 85' lang='lat' dir='ltr'>ginis</span> <span class='ocrx_word' id='word_1_32' title='bbox 247 1722 330 1776; x_wconf 88' lang='lat' dir='ltr'>metu</span> <span class='ocrx_word' id='word_1_33' title='bbox 339 1717 520 1793; x_wconf 88' lang='lat' dir='ltr'>sublataque</span> <span class='ocrx_word' id='word_1_34' title='bbox 532 1717 640 1792; x_wconf 91' lang='lat' dir='ltr'>imperi</span> <span class='ocrx_word' id='word_1_35' title='bbox 654 1714 773 1776; x_wconf 90' lang='lat' dir='ltr'>aemula</span> <span class='ocrx_word' id='word_1_36' title='bbox 788 1731 850 1774; x_wconf 91' lang='lat' dir='ltr'>non</span> <span class='ocrx_word' id='word_1_37' title='bbox 861 1715 958 1789; x_wconf 77' lang='lat' dir='ltr'>gradu</span> <span class='ocrx_word' id='word_1_38' title='bbox 972 1715 1031 1773; x_wconf 92' lang='lat' dir='ltr'>sed</span> <span class='ocrx_word' id='word_1_39' title='bbox 1045 1726 1112 1788; x_wconf 80' lang='lat' dir='ltr'>prae</span> 
     </span>
     <span class='ocr_line' id='line_1_10' title="bbox 153 1797 1112 1873; baseline -0.002 -16"><span class='ocrx_word' id='word_1_40' title='bbox 153 1799 237 1873; x_wconf 88' lang='lat' dir='ltr'>cipiti</span> <span class='ocrx_word' id='word_1_41' title='bbox 255 1815 347 1859; x_wconf 89' lang='lat' dir='ltr'>cursu</span> <span class='ocrx_word' id='word_1_42' title='bbox 362 1817 380 1858; x_wconf 90' lang='lat' dir='ltr'>a</span> <span class='ocrx_word' id='word_1_43' title='bbox 395 1800 505 1861; x_wconf 90' lang='lat' dir='ltr'>virtute</span> <span class='ocrx_word' id='word_1_44' title='bbox 518 1801 676 1873; x_wconf 80' lang='lat' dir='ltr'>descitum,</span> <span class='ocrx_word' id='word_1_45' title='bbox 691 1800 732 1859; x_wconf 89' lang='lat' dir='ltr'>ad</span> <span class='ocrx_word' id='word_1_46' title='bbox 745 1797 819 1859; x_wconf 91' lang='lat' dir='ltr'>vitia</span> <span class='ocrx_word' id='word_1_47' title='bbox 831 1804 1059 1867; x_wconf 80' lang='lat' dir='ltr'>transcursum3</span> <span class='ocrx_word' id='word_1_48' title='bbox 1083 1808 1112 1855; x_wconf 83' lang='lat' dir='ltr'>ve</span> 
     </span>
     <span class='ocr_line' id='line_1_11' title="bbox 152 1876 1112 1956; baseline -0.003 -14"><span class='ocrx_word' id='word_1_49' title='bbox 152 1888 202 1942; x_wconf 86' lang='lat' dir='ltr'>tus</span> <span class='ocrx_word' id='word_1_50' title='bbox 217 1881 379 1956; x_wconf 81' lang='lat' dir='ltr'>disciplina</span> <span class='ocrx_word' id='word_1_51' title='bbox 395 1884 526 1953; x_wconf 90' lang='lat' dir='ltr'>deserta,</span> <span class='ocrx_word' id='word_1_52' title='bbox 548 1899 630 1943; x_wconf 90' lang='lat' dir='ltr'>nova</span> <span class='ocrx_word' id='word_1_53' title='bbox 650 1883 790 1951; x_wconf 76' lang='lat' dir='ltr'>inducta3</span> <span class='ocrx_word' id='word_1_54' title='bbox 809 1880 840 1940; x_wconf 91' lang='lat' dir='ltr'>in</span> <span class='ocrx_word' id='word_1_55' title='bbox 862 1896 1002 1941; x_wconf 91' lang='lat' dir='ltr'>somnum</span> <span class='ocrx_word' id='word_1_56' title='bbox 1026 1876 1112 1953; x_wconf 67' lang='lat' dir='ltr'>ariel</span> 
     </span>
    </p>
   </div>
   <div class='ocr_carea' id='block_1_7' title="bbox 121 1963 1112 2707">
    <p class='ocr_par' dir='ltr' id='par_1_7' title="bbox 121 1963 1112 2707">
     <span class='ocr_line' id='line_1_12' title="bbox 153 1963 1112 2040; baseline -0.003 -16"><span class='ocrx_word' id='word_1_57' title='bbox 153 1963 212 2040; x_wconf 89' lang='lat' dir='ltr'>liis,</span> <span class='ocrx_word' id='word_1_58' title='bbox 234 1963 272 2024; x_wconf 88' lang='lat' dir='ltr'>ab</span> <span class='ocrx_word' id='word_1_59' title='bbox 285 1963 378 2025; x_wconf 92' lang='lat' dir='ltr'>armis</span> <span class='ocrx_word' id='word_1_60' title='bbox 393 1967 432 2025; x_wconf 92' lang='lat' dir='ltr'>ad</span> <span class='ocrx_word' id='word_1_61' title='bbox 447 1968 630 2040; x_wconf 87' lang='lat' dir='ltr'>voluptates,</span> <span class='ocrx_word' id='word_1_62' title='bbox 646 1982 665 2024; x_wconf 90' lang='lat' dir='ltr'>a</span> <span class='ocrx_word' id='word_1_63' title='bbox 679 1963 809 2039; x_wconf 84' lang='lat' dir='ltr'>negotiis</span> <span class='ocrx_word' id='word_1_64' title='bbox 824 1964 855 2023; x_wconf 92' lang='lat' dir='ltr'>in</span> <span class='ocrx_word' id='word_1_65' title='bbox 870 1964 964 2024; x_wconf 90' lang='lat' dir='ltr'>otium</span> <span class='ocrx_word' id='word_1_66' title='bbox 982 1974 1112 2024; x_wconf 80' lang='lat' dir='ltr'>converet</span> 
     </span>
     <span class='ocr_line' id='line_1_13' title="bbox 122 2047 1112 2124; baseline -0.003 -15"><span class='ocrx_word' id='word_1_67' title='bbox 122 2049 272 2109; x_wconf 73' lang='lat' dir='ltr'>tcivitas.</span> <span class='ocrx_word' id='word_1_68' title='bbox 307 2050 383 2108; x_wconf 86' lang='lat' dir='ltr'>Tum</span> <span class='ocrx_word' id='word_1_69' title='bbox 405 2047 509 2124; x_wconf 82' lang='lat' dir='ltr'>Scipio</span> <span class='ocrx_word' id='word_1_70' title='bbox 531 2048 642 2108; x_wconf 85' lang='lat' dir='ltr'>Nasica</span> <span class='ocrx_word' id='word_1_71' title='bbox 668 2049 699 2107; x_wconf 89' lang='lat' dir='ltr'>in</span> <span class='ocrx_word' id='word_1_72' title='bbox 718 2048 866 2121; x_wconf 86' lang='lat' dir='ltr'>Capitolio</span> <span class='ocrx_word' id='word_1_73' title='bbox 889 2048 1042 2122; x_wconf 86' lang='lat' dir='ltr'>porticus,</span> <span class='ocrx_word' id='word_1_74' title='bbox 1074 2055 1112 2107; x_wconf 85' lang='lat' dir='ltr'>tua</span> 
     </span>
     <span class='ocr_line' id='line_1_14' title="bbox 155 2129 1112 2207; baseline -0.002 -16"><span class='ocrx_word' id='word_1_75' title='bbox 155 2148 233 2206; x_wconf 89' lang='lat' dir='ltr'>quas</span> <span class='ocrx_word' id='word_1_76' title='bbox 258 2131 467 2204; x_wconf 82' lang='lat' dir='ltr'>praediximus</span> <span class='ocrx_word' id='word_1_77' title='bbox 492 2131 646 2207; x_wconf 78' lang='lat' dir='ltr'>MetelluS,</span> <span class='ocrx_word' id='word_1_78' title='bbox 673 2138 736 2191; x_wconf 94' lang='lat' dir='ltr'>tum</span> <span class='ocrx_word' id='word_1_79' title='bbox 756 2131 786 2190; x_wconf 90' lang='lat' dir='ltr'>in</span> <span class='ocrx_word' id='word_1_80' title='bbox 809 2131 895 2191; x_wconf 86' lang='lat' dir='ltr'>Circo</span> <span class='ocrx_word' id='word_1_81' title='bbox 916 2130 968 2190; x_wconf 85' lang='lat' dir='ltr'>Cn.</span> <span class='ocrx_word' id='word_1_82' title='bbox 989 2129 1112 2190; x_wconf 77' lang='lat' dir='ltr'>Octavia</span> 
     </span>
     <span class='ocr_line' id='line_1_15' title="bbox 153 2210 1112 2289; baseline -0.001 -17"><span class='ocrx_word' id='word_1_83' title='bbox 153 2216 248 2274; x_wconf 89' lang='lat' dir='ltr'>multo</span> <span class='ocrx_word' id='word_1_84' title='bbox 271 2214 517 2274; x_wconf 86' lang='lat' dir='ltr'>amoenissimam</span> <span class='ocrx_word' id='word_1_85' title='bbox 537 2215 738 2288; x_wconf 69' lang='lat' dir='ltr'>multisunt,</span> <span class='ocrx_word' id='word_1_86' title='bbox 760 2215 975 2289; x_wconf 81' lang='lat' dir='ltr'>publicamque</span> <span class='ocrx_word' id='word_1_87' title='bbox 997 2210 1112 2288; x_wconf 80' lang='lat' dir='ltr'>magnii</span> 
     </span>
     <span class='ocr_line' id='line_1_16' title="bbox 121 2297 1112 2373; baseline -0.005 -13"><span class='ocrx_word' id='word_1_88' title='bbox 121 2297 283 2360; x_wconf 70' lang='lat' dir='ltr'>dcentiam</span> <span class='ocrx_word' id='word_1_89' title='bbox 301 2305 407 2358; x_wconf 88' lang='lat' dir='ltr'>secuta</span> <span class='ocrx_word' id='word_1_90' title='bbox 427 2299 545 2373; x_wconf 85' lang='lat' dir='ltr'>privata</span> <span class='ocrx_word' id='word_1_91' title='bbox 559 2297 678 2360; x_wconf 86' lang='lat' dir='ltr'>luxuria</span> <span class='ocrx_word' id='word_1_92' title='bbox 692 2306 748 2358; x_wconf 90' lang='lat' dir='ltr'>est.</span> <span class='ocrx_word' id='word_1_93' title='bbox 776 2298 874 2358; x_wconf 86' lang='lat' dir='ltr'>Triste</span> <span class='ocrx_word' id='word_1_94' title='bbox 888 2297 1000 2357; x_wconf 90' lang='lat' dir='ltr'>deinde</span> <span class='ocrx_word' id='word_1_95' title='bbox 1017 2303 1112 2357; x_wconf 81' lang='lat' dir='ltr'>etcor</span> 
     </span>
     <span class='ocr_line' id='line_1_17' title="bbox 154 2378 1112 2458; baseline -0.001 -17"><span class='ocrx_word' id='word_1_96' title='bbox 154 2380 347 2441; x_wconf 90' lang='lat' dir='ltr'>tumeliosum</span> <span class='ocrx_word' id='word_1_97' title='bbox 375 2381 488 2442; x_wconf 89' lang='lat' dir='ltr'>bellum</span> <span class='ocrx_word' id='word_1_98' title='bbox 510 2384 540 2445; x_wconf 91' lang='lat' dir='ltr'>in</span> <span class='ocrx_word' id='word_1_99' title='bbox 554 2384 703 2458; x_wconf 85' lang='lat' dir='ltr'>Hispania</span> <span class='ocrx_word' id='word_1_100' title='bbox 724 2381 803 2441; x_wconf 90' lang='lat' dir='ltr'>duce</span> <span class='ocrx_word' id='word_1_101' title='bbox 816 2382 975 2441; x_wconf 90' lang='lat' dir='ltr'>latronum</span> <span class='ocrx_word' id='word_1_102' title='bbox 996 2378 1112 2440; x_wconf 83' lang='lat' dir='ltr'>Viriatlt</span> 
     </span>
     <span class='ocr_line' id='line_1_18' title="bbox 156 2467 1112 2540; baseline -0.005 -16"><span class='ocrx_word' id='word_1_103' title='bbox 156 2472 295 2525; x_wconf 89' lang='lat' dir='ltr'>secutum</span> <span class='ocrx_word' id='word_1_104' title='bbox 311 2472 366 2540; x_wconf 88' lang='lat' dir='ltr'>est,</span> <span class='ocrx_word' id='word_1_105' title='bbox 390 2469 472 2540; x_wconf 94' lang='lat' dir='ltr'>quod</span> <span class='ocrx_word' id='word_1_106' title='bbox 494 2467 536 2527; x_wconf 91' lang='lat' dir='ltr'>ita</span> <span class='ocrx_word' id='word_1_107' title='bbox 555 2467 640 2527; x_wconf 87' lang='lat' dir='ltr'>varia</span> <span class='ocrx_word' id='word_1_108' title='bbox 654 2468 777 2526; x_wconf 88' lang='lat' dir='ltr'>lortuna</span> <span class='ocrx_word' id='word_1_109' title='bbox 792 2471 912 2540; x_wconf 83' lang='lat' dir='ltr'>gestum</span> <span class='ocrx_word' id='word_1_110' title='bbox 933 2469 996 2538; x_wconf 87' lang='lat' dir='ltr'>est,</span> <span class='ocrx_word' id='word_1_111' title='bbox 1017 2472 1052 2524; x_wconf 90' lang='lat' dir='ltr'>ut</span> <span class='ocrx_word' id='word_1_112' title='bbox 1067 2474 1112 2523; x_wconf 85' lang='lat' dir='ltr'>sae</span> 
     </span>
     <span class='ocr_line' id='line_1_19' title="bbox 155 2539 1112 2624; baseline -0.003 -17"><span class='ocrx_word' id='word_1_113' title='bbox 155 2548 225 2623; x_wconf 91' lang='lat' dir='ltr'>pius</span> <span class='ocrx_word' id='word_1_114' title='bbox 240 2549 447 2610; x_wconf 88' lang='lat' dir='ltr'>Romanorum</span> <span class='ocrx_word' id='word_1_115' title='bbox 464 2557 620 2624; x_wconf 82' lang='lat' dir='ltr'>gereretur</span> <span class='ocrx_word' id='word_1_116' title='bbox 635 2551 776 2609; x_wconf 90' lang='lat' dir='ltr'>adversa.</span> <span class='ocrx_word' id='word_1_117' title='bbox 812 2547 874 2608; x_wconf 91' lang='lat' dir='ltr'>Sed</span> <span class='ocrx_word' id='word_1_118' title='bbox 885 2547 1068 2621; x_wconf 87' lang='lat' dir='ltr'>interempto</span> <span class='ocrx_word' id='word_1_119' title='bbox 1082 2539 1112 2604; x_wconf 88' lang='lat' dir='ltr'>Vl</span> 
     </span>
     <span class='ocr_line' id='line_1_20' title="bbox 154 2628 1112 2707; baseline -0.004 -16"><span class='ocrx_word' id='word_1_120' title='bbox 154 2631 253 2693; x_wconf 90' lang='lat' dir='ltr'>riatho</span> <span class='ocrx_word' id='word_1_121' title='bbox 275 2634 382 2695; x_wconf 88' lang='lat' dir='ltr'>lraude</span> <span class='ocrx_word' id='word_1_122' title='bbox 394 2633 491 2706; x_wconf 82' lang='lat' dir='ltr'>magis</span> <span class='ocrx_word' id='word_1_123' title='bbox 513 2649 604 2707; x_wconf 90' lang='lat' dir='ltr'>quam</span> <span class='ocrx_word' id='word_1_124' title='bbox 625 2633 735 2692; x_wconf 87' lang='lat' dir='ltr'>virtute</span> <span class='ocrx_word' id='word_1_125' title='bbox 751 2631 860 2692; x_wconf 90' lang='lat' dir='ltr'>Servili</span> <span class='ocrx_word' id='word_1_126' title='bbox 876 2628 1054 2704; x_wconf 85' lang='lat' dir='ltr'>Caepionis,</span> <span class='ocrx_word' id='word_1_127' title='bbox 1075 2628 1112 2688; x_wconf 87' lang='lat' dir='ltr'>Nu</span> 
     </span>
    </p>
   </div>
   <div class='ocr_carea' id='block_1_8' title="bbox 2 2713 1112 2790">
    <p class='ocr_par' dir='ltr' id='par_1_8' title="bbox 2 2713 1112 2790">
     <span class='ocr_line' id='line_1_21' title="bbox 2 2713 1112 2790; baseline -0.002 -16"><span class='ocrx_word' id='word_1_128' title='bbox 2 2714 17 2735; x_wconf 86' lang='grc'>“·</span> <span class='ocrx_word' id='word_1_129' title='bbox 116 2715 321 2775; x_wconf 70' lang='lat' dir='ltr'>amauritium</span> <span class='ocrx_word' id='word_1_130' title='bbox 341 2716 466 2790; x_wconf 80' lang='lat' dir='ltr'>gravius</span> <span class='ocrx_word' id='word_1_131' title='bbox 496 2716 618 2775; x_wconf 86' lang='lat' dir='ltr'>exarsit.</span> <span class='ocrx_word' id='word_1_132' title='bbox 653 2717 738 2774; x_wconf 87' lang='lat' dir='ltr'>Haec</span> <span class='ocrx_word' id='word_1_133' title='bbox 772 2715 846 2774; x_wconf 90' lang='lat' dir='ltr'>urbs</span> <span class='ocrx_word' id='word_1_134' title='bbox 868 2729 1025 2788; x_wconf 87' lang='lat' dir='ltr'>nunquam</span> <span class='ocrx_word' id='word_1_135' title='bbox 1048 2713 1112 2788; x_wconf 84' lang='lat' dir='ltr'>plur</span> 
     </span>
    </p>
   </div>
   <div class='ocr_carea' id='block_1_9' title="bbox 85 2797 1112 3208">
    <p class='ocr_par' dir='ltr' id='par_1_9' title="bbox 85 2797 1112 3208">
     <span class='ocr_line' id='line_1_22' title="bbox 158 2797 1112 2873; baseline -0.005 -15"><span class='ocrx_word' id='word_1_136' title='bbox 158 2799 367 2873; x_wconf 88' lang='lat' dir='ltr'>quamdecem</span> <span class='ocrx_word' id='word_1_137' title='bbox 389 2798 471 2858; x_wconf 89' lang='lat' dir='ltr'>milia</span> <span class='ocrx_word' id='word_1_138' title='bbox 491 2799 637 2873; x_wconf 88' lang='lat' dir='ltr'>propriae</span> <span class='ocrx_word' id='word_1_139' title='bbox 658 2797 822 2859; x_wconf 89' lang='lat' dir='ltr'>iuventutis</span> <span class='ocrx_word' id='word_1_140' title='bbox 837 2797 979 2870; x_wconf 87' lang='lat' dir='ltr'>armavit,</span> <span class='ocrx_word' id='word_1_141' title='bbox 1006 2797 1064 2856; x_wconf 91' lang='lat' dir='ltr'>sed</span> <span class='ocrx_word' id='word_1_142' title='bbox 1085 2808 1112 2854; x_wconf 78' lang='lat' dir='ltr'>vr</span> 
     </span>
     <span class='ocr_line' id='line_1_23' title="bbox 157 2881 1112 2957; baseline -0.005 -15"><span class='ocrx_word' id='word_1_143' title='bbox 157 2881 274 2942; x_wconf 84' lang='lat' dir='ltr'>ferocia</span> <span class='ocrx_word' id='word_1_144' title='bbox 288 2881 390 2957; x_wconf 83' lang='lat' dir='ltr'>ingeni</span> <span class='ocrx_word' id='word_1_145' title='bbox 404 2884 453 2942; x_wconf 89' lang='lat' dir='ltr'>vel</span> <span class='ocrx_word' id='word_1_146' title='bbox 472 2881 593 2942; x_wconf 89' lang='lat' dir='ltr'>inscitia</span> <span class='ocrx_word' id='word_1_147' title='bbox 614 2890 788 2943; x_wconf 89' lang='lat' dir='ltr'>nostrorum</span> <span class='ocrx_word' id='word_1_148' title='bbox 804 2882 916 2941; x_wconf 88' lang='lat' dir='ltr'>ducum</span> <span class='ocrx_word' id='word_1_149' title='bbox 929 2881 980 2940; x_wconf 89' lang='lat' dir='ltr'>vel</span> <span class='ocrx_word' id='word_1_150' title='bbox 995 2881 1112 2941; x_wconf 86' lang='lat' dir='ltr'>lartum</span> 
     </span>
     <span class='ocr_line' id='line_1_24' title="bbox 156 2963 1112 3042; baseline -0.005 -16"><span class='ocrx_word' id='word_1_151' title='bbox 156 2966 344 3042; x_wconf 81' lang='lat' dir='ltr'>indulgentia</span> <span class='ocrx_word' id='word_1_152' title='bbox 360 2983 430 3027; x_wconf 91' lang='lat' dir='ltr'>cum</span> <span class='ocrx_word' id='word_1_153' title='bbox 444 2967 521 3026; x_wconf 88' lang='lat' dir='ltr'>alios</span> <span class='ocrx_word' id='word_1_154' title='bbox 537 2966 648 3040; x_wconf 90' lang='lat' dir='ltr'>duces,</span> <span class='ocrx_word' id='word_1_155' title='bbox 671 2973 734 3026; x_wconf 89' lang='lat' dir='ltr'>tum</span> <span class='ocrx_word' id='word_1_156' title='bbox 746 2964 939 3039; x_wconf 89' lang='lat' dir='ltr'>Pompeium,</span> <span class='ocrx_word' id='word_1_157' title='bbox 964 2963 1067 3038; x_wconf 80' lang='lat' dir='ltr'>magni</span> <span class='ocrx_word' id='word_1_158' title='bbox 1081 2976 1112 3021; x_wconf 91' lang='lat' dir='ltr'>no</span> 
     </span>
     <span class='ocr_line' id='line_1_25' title="bbox 156 3046 1112 3124; baseline -0.005 -14"><span class='ocrx_word' id='word_1_159' title='bbox 156 3049 247 3111; x_wconf 90' lang='lat' dir='ltr'>minis</span> <span class='ocrx_word' id='word_1_160' title='bbox 261 3051 374 3122; x_wconf 85' lang='lat' dir='ltr'>virum,</span> <span class='ocrx_word' id='word_1_161' title='bbox 396 3049 435 3109; x_wconf 88' lang='lat' dir='ltr'>ad</span> <span class='ocrx_word' id='word_1_162' title='bbox 454 3049 631 3124; x_wconf 86' lang='lat' dir='ltr'>turpissima</span> <span class='ocrx_word' id='word_1_163' title='bbox 652 3050 779 3110; x_wconf 90' lang='lat' dir='ltr'>deduxit</span> <span class='ocrx_word' id='word_1_164' title='bbox 793 3047 919 3107; x_wconf 85' lang='lat' dir='ltr'>loedere</span> <span class='ocrx_word' id='word_1_165' title='bbox 940 3046 1003 3121; x_wconf 90' lang='lat' dir='ltr'>(hic</span> <span class='ocrx_word' id='word_1_166' title='bbox 1019 3047 1112 3122; x_wconf 87' lang='lat' dir='ltr'>primu</span> 
     </span>
     <span class='ocr_line' id='line_1_26' title="bbox 85 3127 1112 3208; baseline -0.008 -13"><span class='ocrx_word' id='word_1_167' title='bbox 85 3190 89 3195; x_wconf 90' lang='lat'>.</span> <span class='ocrx_word' id='word_1_168' title='bbox 158 3151 175 3194; x_wconf 91' lang='lat' dir='ltr'>e</span> <span class='ocrx_word' id='word_1_169' title='bbox 189 3135 343 3208; x_wconf 87' lang='lat' dir='ltr'>Pompeiis</span> <span class='ocrx_word' id='word_1_170' title='bbox 360 3135 468 3194; x_wconf 89' lang='lat' dir='ltr'>consul</span> <span class='ocrx_word' id='word_1_171' title='bbox 484 3133 560 3205; x_wconf 86' lang='lat' dir='ltr'>luit),</span> <span class='ocrx_word' id='word_1_172' title='bbox 584 3149 641 3194; x_wconf 90' lang='lat' dir='ltr'>nec</span> <span class='ocrx_word' id='word_1_173' title='bbox 663 3132 763 3193; x_wconf 90' lang='lat' dir='ltr'>minus</span> <span class='ocrx_word' id='word_1_174' title='bbox 779 3131 879 3205; x_wconf 89' lang='lat' dir='ltr'>turpia</span> <span class='ocrx_word' id='word_1_175' title='bbox 891 3147 927 3190; x_wconf 89' lang='lat' dir='ltr'>ac</span> <span class='ocrx_word' id='word_1_176' title='bbox 943 3127 1112 3191; x_wconf 90' lang='lat' dir='ltr'>detestabili</span> 
     </span>
    </p>
   </div>
   <div class='ocr_carea' id='block_1_10' title="bbox 11 3208 1112 3289">
    <p class='ocr_par' dir='ltr' id='par_1_10' title="bbox 11 3208 1112 3289">
     <span class='ocr_line' id='line_1_27' title="bbox 11 3208 1112 3289; baseline -0.007 -10"><span class='ocrx_word' id='word_1_177' title='bbox 11 3246 20 3279; x_wconf 84' lang='grc'>,·</span> <span class='ocrx_word' id='word_1_178' title='bbox 92 3208 107 3239; x_wconf 71' lang='grc'>““</span> <span class='ocrx_word' id='word_1_179' title='bbox 124 3231 141 3281; x_wconf 78' lang='lat'>5</span> <span class='ocrx_word' id='word_1_180' title='bbox 157 3217 331 3277; x_wconf 89' lang='lat' dir='ltr'>Mancinum</span> <span class='ocrx_word' id='word_1_181' title='bbox 345 3215 506 3278; x_wconf 91' lang='lat' dir='ltr'>Hostilium</span> <span class='ocrx_word' id='word_1_182' title='bbox 521 3216 699 3287; x_wconf 60' lang='lat' dir='ltr'>consulem?</span> <span class='ocrx_word' id='word_1_183' title='bbox 712 3215 957 3288; x_wconf 85' lang='lat' dir='ltr'>SedPompeium</span> <span class='ocrx_word' id='word_1_184' title='bbox 972 3213 1068 3289; x_wconf 79' lang='lat' dir='ltr'>gratia</span> <span class='ocrx_word' id='word_1_185' title='bbox 1083 3212 1112 3271; x_wconf 87' lang='lat' dir='ltr'>iu</span> 
     </span>
    </p>
   </div>
   <div class='ocr_carea' id='block_1_11' title="bbox 157 3297 1112 3543">
    <p class='ocr_par' dir='ltr' id='par_1_11' title="bbox 157 3297 1112 3543">
     <span class='ocr_line' id='line_1_28' title="bbox 159 3297 1112 3376; baseline -0.007 -15"><span class='ocrx_word' id='word_1_186' title='bbox 159 3301 296 3376; x_wconf 88' lang='lat' dir='ltr'>punitum</span> <span class='ocrx_word' id='word_1_187' title='bbox 306 3300 425 3368; x_wconf 79' lang='lat' dir='ltr'>habuit3</span> <span class='ocrx_word' id='word_1_188' title='bbox 447 3299 619 3362; x_wconf 90' lang='lat' dir='ltr'>Mancinum</span> <span class='ocrx_word' id='word_1_189' title='bbox 633 3297 829 3372; x_wconf 89' lang='lat' dir='ltr'>verecundia,</span> <span class='ocrx_word' id='word_1_190' title='bbox 844 3299 959 3373; x_wconf 89' lang='lat' dir='ltr'>quippe</span> <span class='ocrx_word' id='word_1_191' title='bbox 974 3313 1035 3356; x_wconf 88' lang='lat' dir='ltr'>non</span> <span class='ocrx_word' id='word_1_192' title='bbox 1048 3311 1112 3355; x_wconf 76' lang='lat' dir='ltr'>rect</span> 
     </span>
     <span class='ocr_line' id='line_1_29' title="bbox 158 3382 1112 3459; baseline -0.007 -16"><span class='ocrx_word' id='word_1_193' title='bbox 158 3385 266 3456; x_wconf 86' lang='lat' dir='ltr'>sande,</span> <span class='ocrx_word' id='word_1_194' title='bbox 283 3384 425 3457; x_wconf 89' lang='lat' dir='ltr'>perduxit</span> <span class='ocrx_word' id='word_1_195' title='bbox 438 3383 507 3456; x_wconf 90' lang='lat' dir='ltr'>hue,</span> <span class='ocrx_word' id='word_1_196' title='bbox 522 3391 556 3446; x_wconf 88' lang='lat' dir='ltr'>ut</span> <span class='ocrx_word' id='word_1_197' title='bbox 570 3401 626 3459; x_wconf 89' lang='lat' dir='ltr'>per</span> <span class='ocrx_word' id='word_1_198' title='bbox 639 3383 755 3443; x_wconf 88' lang='lat' dir='ltr'>lecialis</span> <span class='ocrx_word' id='word_1_199' title='bbox 771 3382 871 3442; x_wconf 91' lang='lat' dir='ltr'>nudus</span> <span class='ocrx_word' id='word_1_200' title='bbox 882 3398 918 3442; x_wconf 92' lang='lat' dir='ltr'>ac</span> <span class='ocrx_word' id='word_1_201' title='bbox 929 3385 1002 3455; x_wconf 89' lang='lat' dir='ltr'>post</span> <span class='ocrx_word' id='word_1_202' title='bbox 1016 3385 1112 3453; x_wconf 83' lang='lat' dir='ltr'>tergm</span> 
     </span>
     <span class='ocr_line' id='line_1_30' title="bbox 157 3461 1112 3543; baseline -0.004 -19"><span class='ocrx_word' id='word_1_203' title='bbox 157 3467 291 3543; x_wconf 76' lang='lat' dir='ltr'>religatis</span> <span class='ocrx_word' id='word_1_204' title='bbox 306 3468 447 3528; x_wconf 88' lang='lat' dir='ltr'>manibus</span> <span class='ocrx_word' id='word_1_205' title='bbox 462 3468 625 3528; x_wconf 88' lang='lat' dir='ltr'>dederetur</span> <span class='ocrx_word' id='word_1_206' title='bbox 645 3466 796 3527; x_wconf 90' lang='lat' dir='ltr'>hostibus.</span> <span class='ocrx_word' id='word_1_207' title='bbox 833 3465 928 3538; x_wconf 83' lang='lat' dir='ltr'>Quem</span> <span class='ocrx_word' id='word_1_208' title='bbox 939 3462 981 3523; x_wconf 93' lang='lat' dir='ltr'>illi</span> <span class='ocrx_word' id='word_1_209' title='bbox 993 3461 1112 3537; x_wconf 91' lang='lat' dir='ltr'>reciper</span> 
     </span>
    </p>
   </div>
   <div class='ocr_carea' id='block_1_12' title="bbox 0 0 1174 3946">
    <p class='ocr_par' dir='ltr' id='par_1_12' title="bbox 0 0 1174 3946">
     <span class='ocr_line' id='line_1_31' title="bbox 0 0 1174 3946; baseline 0 0"><span class='ocrx_word' id='word_1_210' title='bbox 0 0 1174 3946; x_wconf 95' lang='lat' dir='ltr'> </span> 
     </span>
    </p>
   </div>
  </div>
 </body>
</html>
