2340 3946
166 231 377 294 HISTORIAE
391 232 584 294 ROMANAE
598 233 635 307 11,
649 243 675 293 2.
688 240 715 294 3.
890 228 931 295 15

71 389 199 453 averunt,
215 381 294 441 sicut
309 382 464 456 quondam
479 381 606 440 Caudini
620 383 773 457 lecerunt,
795 383 932 445 dicentes

71 483 105 525 ‚m
117 464 395 525 violationemlidei
409 480 470 524 non
482 465 597 524 debere
611 464 701 525 unius
717 466 758 526 lui
773 467 931 542 sanguine.

71 597 72 603 ,
115 549 280 608 Immenem
292 547 545 610 deditioMancini
561 547 690 609 civitatis
706 549 800 610 movit
814 552 933 611 dissen-
951 563 965 615 1

80 658 88 702 ;
112 633 227 707 quippe
241 630 377 692 Tiberius
393 631 550 691 Gracchus
559 668 571 704 ‚-
588 632 689 692 Tiberi
705 633 848 708 Gracchi,
872 637 932 695 cla·

80 725 172 791 atque
188 715 416 775 eminentissimi
432 714 488 774 viri
502 715 599 789 filine,
615 715 647 773 P.
663 716 799 776 Africani
818 733 857 776 ex
872 718 934 778 fllia

90 816 151 875 quo
175 805 338 874 quaestore
361 806 391 858 ct
412 805 537 859 auctore
559 799 590 858 id
618 799 729 862 foedus
751 801 844 860 ictum
858 809 932 872 eret,

71 883 181 943 rariter
196 884 299 942 serens
316 882 467 957 anquina
488 898 523 942 se
538 890 661 956 pactum
672 882 828 957 infirmari,
850 901 933 945 nunc

75 970 123 1027 vel
138 967 230 1026 iudici
245 969 293 1026 vel
311 982 430 1040 poenae
444 973 583 1026 metuens
599 966 772 1040 discrimen,
793 967 933 1029 tribunus

71 1059 205 1124 creatus,
229 1051 275 1109 vir
290 1049 405 1124 alioqui
420 1051 483 1110 vita
507 1050 787 1125 innocentissimus
810 1053 932 1126 ingenio

71 1136 203 1206 ssimus,
239 1135 400 1209 proposito
429 1133 657 1208 sanctissimus,
686 1135 776 1195 tantis
798 1134 933 1210 denique

71 1227 117 1279 tus
141 1218 315 1290 virtutibuS,
344 1224 474 1292 quantes
494 1219 631 1293 perfecte
645 1225 675 1278 et
701 1226 810 1279 natura
837 1227 868 1280 et
888 1219 933 1278 in-

87 1302 222 1362 mortalis
238 1301 378 1363 condicio
393 1299 515 1376 recipit,
536 1301 569 1360 P.
589 1301 690 1362 Mucio
709 1303 873 1376 Scaevola,
899 1303 932 1360 L.

71 1388 113 1446 rio
128 1386 315 1458 consulibus,
332 1385 441 1444 abhinc
449 1401 546 1445 annos
559 1392 679 1445 centum
686 1387 846 1459 sexaginte
853 1387 932 1447 duos

71 1478 81 1530 t
95 1488 114 1529 a
127 1469 232 1528 bonis:
249 1467 467 1544 pollicitusque
481 1469 535 1528 toti
549 1469 652 1528 ltaliae
669 1471 827 1543 civitatem,
843 1469 933 1530 simul
947 1476 965 1530 2

71 1551 257 1626 ›romulgatis
279 1552 407 1626 agrariis
429 1551 564 1624 legibus,
586 1556 714 1612 omnium
736 1559 847 1612 statum
863 1569 932 1613 con-

71 1639 138 1707 dus,
161 1651 280 1694 summa
294 1634 363 1693 imis
384 1633 506 1693 miscuit
527 1640 556 1693 et
577 1633 607 1691 in
622 1636 826 1710 praeruptum
840 1641 934 1709 atque

85 1718 252 1792 periculum
267 1717 395 1776 adduxit
408 1716 643 1790 rempublicam3
666 1716 855 1792 Octavioque
871 1721 932 1778 col·

71 1819 109 1860 ro
123 1802 204 1861 bono
222 1799 343 1875 publico
356 1801 447 1860 stanti
462 1800 622 1875 imperium
630 1800 804 1875 abrogavit3
828 1801 931 1861 trium-

71 1885 140 1957 rgris
163 1883 336 1943 dividendis
359 1884 542 1957 colonisque
556 1883 748 1944 deducendis
768 1884 882 1946 creavit
896 1901 933 1946 se

72 1983 155 2040 nque
168 1983 265 2040 suum,
282 1968 474 2028 consularem
481 1965 626 2042 Appium,
642 1975 672 2030 et
687 1968 794 2028 Gaium
809 1969 931 2030 fratrem

71 2069 114 2110 nn
129 2066 280 2111 iuvenem.

71 2138 82 2194 ζ.
125 2135 199 2194 Tum
218 2134 249 2192 Ρ.
268 2133 372 2209 Scipio
392 2135 518 2208 Nasica,
542 2136 608 2194 eius
635 2134 687 2209 qui
703 2135 836 2209 optimus
850 2135 899 2195 vir
913 2149 960 2201 al

73 2219 224 2279 iudicatus
241 2226 313 2290 erat,
329 2233 444 2292 nepos,
462 2219 528 2278 eins
551 2218 604 2292 qui
620 2234 733 2279 censor
747 2220 884 2293 porticus
899 2220 929 2279 in

71 2303 97 2363 io
119 2304 247 2371 lecerat,
276 2301 373 2375 filius,
403 2318 561 2376 pronepos
583 2309 684 2362 autem
700 2303 751 2362 Cn.
766 2302 930 2379 Scipionis,

71 2386 136 2445 rimi
151 2386 207 2444 viri
221 2385 253 2444 P.
264 2385 401 2443 Africani
417 2385 525 2458 patrui,
539 2385 738 2459 privatusque
754 2393 784 2446 et
797 2393 929 2461 togatus,

71 2477 117 2528 set
138 2465 343 2529 consobrinus
367 2467 410 2526 Ti.
427 2467 571 2540 Gracchi,
604 2468 733 2542 patriam
756 2471 930 2542 cognationi

71 2569 125 2612 ens
148 2561 177 2613 et
192 2550 339 2627 quicquid
354 2551 477 2626 publice
489 2552 623 2611 salutare
635 2567 695 2610 non
712 2558 804 2623 esset,
828 2551 929 2626 priva-

71 2652 151 2695 tnum
172 2635 351 2695 existimans
372 2634 426 2709 (ob
444 2651 498 2694 ens
518 2634 644 2695 virtutes
666 2635 780 2708 primus
797 2635 930 2697 omnium

88 2720 225 2793 pontifex
254 2719 405 2778 maximus
427 2719 526 2779 lactus
542 2723 617 2791 est),
640 2718 826 2778 circumdata
840 2720 928 2779 laevo

71 2831 72 2850 κ
95 2810 187 2876 togae
205 2801 315 2861 lacinia
329 2818 368 2861 ex
384 2803 545 2877 superiore
561 2808 648 2876 parte
660 2800 788 2876 Capitoli
801 2803 929 2863 summis

71 2903 92 2944 rs
105 2887 250 2945 insistens
265 2885 404 2946 hortatus
417 2893 472 2959 est,
486 2886 538 2960 qui
552 2888 668 2945 salvam
681 2887 794 2945 vellent
806 2902 927 2960 rempu-

96 2985 130 3028 se
146 2976 355 3043 sequerentur.
390 2971 466 3028 Tum
481 2970 652 3044 optimates,
683 2976 809 3028 senatus
836 2963 963 3042 etquel

74 3053 99 3111 is
116 3053 231 3113 ordinis
253 3069 326 3127 pers
349 3051 505 3112 melioret
530 3051 628 3113 maior
649 3058 679 3110 et
702 3052 814 3111 intecta
830 3052 928 3126 perni-

74 3135 192 3195 onsiliis
207 3137 296 3211 plebs
312 3137 433 3194 inruere
447 3135 478 3193 in
490 3135 660 3195 Gracchum
672 3141 802 3194 stantem
813 3134 843 3193 in
858 3150 929 3194 area

71 3220 164 3279 tervis
185 3219 252 3280 suis
272 3227 302 3278 et
317 3218 507 3279 concientem
522 3235 622 3292 paene
644 3220 736 3278 totius
752 3219 855 3277 ltaliae
870 3219 928 3278 lre-

71 3319 119 3361 m:
142 3303 169 3362 is
184 3301 306 3376 lugiens
321 3303 551 3376 decurrensque
567 3302 645 3361 clivo
661 3301 847 3376 Capitolino,
870 3302 928 3360 lra-

71 3385 189 3446 subselli
204 3386 283 3446 ictus
295 3386 396 3455 vitam,
419 3400 508 3459 quam
524 3383 745 3459 gloriosissime
753 3386 865 3459 degere
872 3399 928 3459 po-

71 3471 229 3530 immatura
243 3475 340 3528 morte
355 3467 459 3528 linivit.
485 3469 550 3528 Hoc
565 3465 681 3528 initium
696 3468 726 3528 in
741 3460 962 3530 urhe'Romad
