2340 3946
285 219 494 283 HISTORIAE
513 219 707 283 Romanas
724 221 767 295 11,
785 228 830 284 66.
1004 218 1047 282 55

60 371 224 448 fastigium
244 378 275 432 et
296 379 410 449 quanto
431 372 585 434 ciceronis
607 373 709 433 studio
723 373 843 434 -Brutus
859 372 1048 449 Cassiusque

58 457 294 530 attollerentur,
319 455 571 531 denuntiaretque
598 471 634 516 se
659 472 728 517 cunr
751 456 846 517 Bruto
868 455 1048 532 Cassioque,

12 614 14 619 ¹
61 557 118 617 qur
133 541 196 601 iarn
210 539 317 599 decern
338 547 368 599 et
381 546 499 614 septem
517 540 671 614 legionum
691 545 833 614 potentes
855 547 955 616 erant,
983 539 1049 603 iun-

14 694 18 699 ,
60 632 185 687 murum
200 621 274 684 viris
288 639 379 697 suas,
394 623 420 683 si
428 624 541 685 Caesar
547 623 614 683 eius
622 630 838 700 aspernaretur
845 625 1049 699 concordiam,

29 708 35 715 '
60 709 246 782 diceretque
266 709 337 784 plus
352 707 514 768 Caesarem
534 707 645 783 patris,
671 723 762 782 quam
783 722 820 767 se
840 706 932 768 anriol
943 707 1049 768 ultioni

64 792 199 861 debere;
215 787 259 828 **
281 790 370 866 igitur
392 791 466 852 inita
479 791 633 865 potentiae
654 791 786 852 societas
809 798 839 851 et
858 790 1078 854 hortantibusa

62 874 291 950 orantibusque
312 874 498 935 exercitibus
518 875 596 934 inter
609 875 774 936 Antonium
789 875 879 935 etiam
894 881 925 935 et
938 875 1048 936 caesa-

62 976 133 1021 rem
147 958 231 1020 lacta·
241 956 399 1032 adfinitas,
421 973 490 1018 cum
505 964 590 1018 esset
603 959 742 1033 privigna
759 959 872 1018 Antoni
892 958 1051 1034 desponsa

65 1042 209 1112 caesam
231 1042 487 1116 consulatumque
506 1040 571 1101 iniit
585 1041 699 1103 Caesar
719 1041 818 1117 pridie
834 1057 925 1116 quarn
946 1042 1050 1116 viginti

65 1141 168 1189 annas
182 1124 336 1199 impleret,
352 1142 383 1184 x.
396 1125 465 1186 Kal.
482 1123 638 1201 Octobris,
660 1142 729 1186 curn
751 1125 871 1199 collega
891 1125 925 1199 Q.
944 1125 1048 1200 Pedio,

64 1216 143 1287 post
164 1208 272 1270 urbem
297 1209 451 1270 conditam
477 1209 565 1269 annis
596 1209 796 1285 septingentis
820 1224 947 1284 novem,
979 1215 1051 1269 ante

11 1360 14 1367 ,
67 1293 264 1370 septuaginta
277 1292 371 1366 duos,
387 1309 478 1367 quam
493 1299 541 1366 tu,
555 1292 596 1351 Μ.
607 1294 723 1368 Vinici,
739 1294 930 1353 consulatum
945 1293 1049 1352 inires.

11 1372 15 1451 j
65 1374 155 1438 Vidit
167 1375 218 1437 hic
232 1392 332 1437 annus
346 1375 538 1451 Ventidium,
560 1392 616 1451 per
631 1394 723 1452 quam
740 1377 846 1437 urbem
862 1377 939 1438 inter
954 1374 1079 1453 capti-³

11 1454 22 1531 ’ς
68 1476 125 1525 alos
139 1458 307 1520 Picentium
320 1461 351 1520 in
365 1459 519 1534 triumpho
535 1460 645 1520 ductus
659 1468 737 1533 erat,
761 1460 790 1519 in
805 1476 842 1520 ea
857 1462 1050 1523 consularem

67 1549 257 1621 praetextam
274 1544 448 1619 iungentem
466 1543 636 1618 praetorla;
655 1544 735 1603 idem
752 1542 802 1602 hic
819 1553 929 1618 postea
945 1544 1048 1606 trium-

34 1626 185 1705 -plravit

29 1714 32 1719 '
149 1711 252 1771 LXVI.
294 1711 425 1772 Furente
451 1711 562 1770 deinde
586 1709 720 1770 Antonio
747 1709 898 1784 simulque
922 1709 1077 1784 Lepido,1

71 1810 200 1873 quorum
219 1801 362 1870 uterque,
384 1801 418 1855 ut
438 1794 661 1869 praediximus,
682 1793 788 1853 hostes
810 1793 934 1853 iudicati
955 1800 1049 1869 erant,

35 1886 42 1899 '
71 1894 140 1941 oum
154 1877 244 1946 ambo
259 1879 382 1939 mallent
395 1878 454 1938 sibi
471 1881 631 1955 nunciare,
644 1876 718 1951 quid
731 1876 818 1951 passi
832 1883 939 1938 esseut
959 1892 1050 1951 quam

10 1995 13 2003 ·
71 1962 367 2039 quidemeruissent,
380 1969 569 2037 repugnante
577 1960 771 2022 Gaesaresed
780 1961 1049 2021 frustraadversus

71 2044 167 2120 duos,
190 2045 388 2107 instauratum
409 2044 525 2107 Sullani
547 2045 680 2120 exempli
703 2048 829 2117 malum,
853 2043 1048 2119 proscriptio.

10 2176 16 2185 .
43 2124 51 2171 :
72 2118 670 2205 llihiltamindignumillotemporelirit,
687 2126 1079 2203 quamquodautCaesart

72 2213 204 2290 aliquem
225 2212 418 2287 proscribere
438 2221 563 2273 coactus
584 2220 632 2272 est
651 2218 703 2272 aut
722 2213 761 2273 ab
778 2212 841 2272 ullo
858 2211 963 2271 Cicero
979 2226 1050 2285 pro·

72 2297 206 2371 scriptus
222 2301 269 2353 est
293 2294 478 2368 abscisaque
499 2298 617 2355 scelere
637 2295 753 2355 Antoni
774 2313 836 2356 vox
858 2294 980 2370 publica
994 2301 1050 2368 est,

73 2392 139 2443 eum
155 2378 222 2437 eius
238 2376 366 2438 salutern
381 2392 470 2436 nemo
487 2376 692 2448 defendisset,
715 2378 766 2452 qui
783 2393 837 2452 per
850 2385 895 2437 tot
909 2392 1006 2436 annos
1022 2385 1051 2436 el

9 2458 12 2465 ’
73 2460 227 2538 publicam
248 2460 378 2522 civitatis
398 2466 429 2520 et
449 2459 599 2534 privatam
619 2458 729 2518 civium
751 2459 938 2520 defenderat.
971 2459 1079 2519 Nihilb

73 2550 172 2611 amen
195 2544 298 2620 egisti,
318 2543 359 2605 Μ.
373 2543 503 2605 Antonia
526 2542 608 2618 cogit
631 2541 711 2601 enim
726 2541 878 2601 excedere
899 2543 1050 2616 propositi

20 2665 25 2673 ·
74 2628 200 2690 {ormam
223 2629 326 2703 operis
352 2643 518 2703 erumpens
539 2626 640 2687 animo
661 2641 698 2685 ac
723 2631 848 2700 pectore
872 2623 1049 2700 indignatio,

74 2710 161 2785 nibil,
177 2711 317 2787 inquam,
334 2711 422 2786 egisti
437 2711 611 2772 mercedem
627 2708 842 2771 coelestissimi
863 2707 926 2769 oris
946 2715 977 2769 et
990 2709 1050 2768 cla-

75 2792 185 2857 rissimi
199 2796 307 2870 capitis
322 2793 436 2856 abscisi
450 2795 639 2857 numerando
655 2799 949 2868 auctoramentoque
964 2793 1050 2854 lune·

76 2876 119 2939 bri
138 2879 179 2940 ad
200 2878 426 2940 conservatoris
442 2878 598 2952 quondam
617 2877 805 2952 reipublicae
824 2876 962 2950 tantique
977 2893 1051 2938 con-

9 2986 11 2996 ·
77 2961 150 3027 calis
162 2963 315 3023 inritando
330 2976 447 3022 necem.
481 2961 696 3036 Rapulstitum
710 2959 850 3021 ciceroni
865 2961 963 3020 lucem
979 2960 1079 3020 soli-4

78 3044 164 3107 citam
178 3052 209 3105 et
221 3053 350 3108 aetatem
362 3044 489 3105 senilem
505 3051 536 3105 et
549 3045 642 3104 vitam
654 3045 844 3109 miseriorem
857 3049 887 3102 te
902 3040 1052 3116 principe,

77 3144 166 3202 quam
180 3129 239 3189 sub
254 3136 285 3190 te
298 3128 454 3191 triumviro
476 3134 620 3196 mortem;
642 3129 753 3187 lamam
772 3142 848 3187 vero
863 3124 1055 3200 gloriamque
1111 3148 1113 3152 ³

8 3245 23 3287 g
78 3208 222 3273 tactorum
236 3219 329 3286 atque
343 3210 495 3273 dictorum
509 3211 588 3270 adeo
606 3227 668 3271 non
683 3209 848 3282 abstulisti,
870 3216 903 3268 ut
917 3207 1051 3267 auxeris.

78 3290 311 3370 Vivitvivetque
323 3310 509 3370 peromnem
521 3295 694 3354 seculorum
709 3293 903 3362 memoriam
918 3290 1081 3367 dunuques

8 3409 26 3454 g
77 3373 134 3439 hoc
151 3381 202 3439 vel
226 3381 303 3440 lorte
323 3379 372 3439 vel
392 3377 584 3454 providentia
605 3378 653 3436 vel
675 3383 831 3452 utcunque
857 3374 1052 3436 constitutum

8 3490 24 3538 p
77 3473 175 3523 rerum
190 3470 316 3524 naturae
330 3478 461 3540 corpus,
477 3464 560 3540 quod
575 3460 625 3521 ille
640 3475 738 3535 paene
753 3460 1053 3521 solusRomanorum
