2340 3946
138 249 180 316 70
228 282 232 287 ·
410 246 452 308 Μ.
472 246 614 308 VELLEI
633 239 850 306 PATERCULI

105 410 122 462 t
138 406 222 462 esset
235 397 356 460 roboris
372 405 403 457 et
417 403 484 458 uter
499 397 632 472 populus
653 395 739 455 alteri
760 395 914 470 pariturus
935 395 1024 455 foret
1052 393 1108 477 itast

137 485 228 559 igitur
243 483 417 559 provincias
432 487 494 542 tam
508 480 652 554 diffusas,
675 486 734 539 tam
756 479 938 555 frequentis,
961 485 1022 538 tam
1037 478 1108 555 ierasg

137 569 256 627 adeam
272 581 378 642 pacem
392 564 501 626 abhinc
516 580 615 625 annos
630 564 724 623 terme
739 563 961 639 quinquaginta
975 560 1100 638 perduxit

138 650 252 712 caesar
264 653 440 726 Augustus,
458 657 491 710 ut
506 664 585 723 quae
599 647 739 708 maximis
753 647 840 707 bellis
856 662 1014 720 nunquam
1030 661 1100 706 vaca

137 742 259 807 verant,
283 751 338 795 eae
354 734 412 795 sub
427 732 458 793 C.
473 733 606 794 Antistio
628 747 664 791 ao
680 731 792 791 deinde
806 730 839 790 P.
856 729 931 792 Silio
950 732 1052 806 legato
1067 745 1100 790 ce

136 820 273 894 terisque
289 826 400 894 postea
414 816 503 878 etiarn
517 816 683 878 latrociniis
696 821 851 876 vacarent.

108 913 122 963 1
220 903 295 964 XCI.
331 904 409 963 Dum
435 908 562 976 pacatur
583 900 749 971 Occidens,
777 900 815 959 ab
836 897 960 959 Oriente
985 914 1023 958 ac
1046 911 1101 973 rega

136 986 316 1048 Parthorum
332 986 422 1061 signa
435 986 583 1058 Romana,
602 999 682 1060 quae
694 983 805 1044 crasso
821 998 977 1059 oppresso
990 980 1101 1055 Orodes,

139 1088 219 1148 quae
233 1071 367 1132 Antonio
388 1069 478 1145 pulso
501 1069 581 1129 filius
603 1061 850 1129 eiusPlrrahates
872 1073 1035 1142 ceperant,
1055 1067 1099 1126 Au

137 1163 228 1232 gusto
242 1155 373 1216 remissa
388 1160 473 1224 sunt3
500 1153 583 1228 quod
599 1167 768 1227 cognomen
790 1152 832 1211 illi
847 1154 913 1212 iure
926 1151 1033 1212 Planci
1050 1165 1100 1210 sen·

135 1242 230 1302 tentia
244 1254 418 1300 consensus
432 1236 570 1320 universi
591 1242 717 1298 senatus
739 1234 908 1313 populique
922 1234 1053 1296 Romani
1071 1238 1101 1293 in·

105 1330 122 1381 2
137 1325 220 1384 didit.
243 1325 338 1383 Erant
347 1329 457 1396 tamen,
470 1322 521 1397 qui
531 1322 614 1382 hunc
626 1321 834 1381 felicissimum
842 1327 954 1382 statum
964 1319 1102 1384 odissent

139 1407 253 1483 quippe
273 1409 306 1467 L.
327 1407 463 1483 Murena,
480 1415 510 1467 et
528 1405 662 1466 Fannius
685 1405 797 1481 Caepio
823 1403 955 1464 diversis
983 1403 1103 1464 moribus

137 1497 220 1565 (nam
235 1491 362 1552 Murena
377 1491 444 1550 siue
458 1489 519 1552 hoc
533 1490 669 1551 facinore
684 1490 783 1565 potuit
796 1487 896 1549 videri
911 1489 1028 1560 bonus,
1046 1487 1103 1546 Cae·

136 1575 190 1650 pio
213 1582 243 1635 et
264 1582 332 1636 ante
357 1576 417 1637 hoc
438 1582 505 1636 erat
524 1576 692 1651 pessimus)
717 1590 787 1634 curn
806 1572 936 1634 inissent
958 1569 1104 1633 occidendi

137 1659 278 1722 Caesaris
294 1661 438 1734 consilia,
462 1661 607 1736 oppressi
627 1659 805 1720 auctoritate
825 1657 964 1733 publica,
989 1653 1105 1732 quodni

105 1744 239 1805 efacere
254 1747 427 1816 voluerant,
446 1745 512 1804 iure
530 1744 615 1819 passi
633 1750 712 1803 sunt.
736 1742 843 1817 Neque
859 1741 953 1801 multo
970 1746 1044 1818 post
1056 1740 1104 1800 Ru·

136 1828 186 1887 ius
195 1827 351 1902 Egnatius,
369 1827 537 1903 peremnia
551 1826 711 1902 gladiatori
726 1840 818 1900 quam
831 1825 965 1887 senatori
982 1824 1103 1901 propior,

136 1911 265 1971 collecto
287 1910 317 1970 in
339 1911 491 1971 aedilitate
512 1912 618 1971 lavore
638 1910 761 1985 populi,
789 1926 881 1984 quern
902 1907 1104 1984 extinguendis

137 1992 256 2069 privata
276 1994 389 2055 familia
409 1993 560 2054 incendiis
574 1994 605 2054 in
621 1993 688 2053 dies
703 1999 846 2064 auxerat,
868 1994 897 2052 in
918 2001 1037 2053 tantum
1052 1989 1104 2067 qui·

136 2078 220 2149 dem,
236 2086 270 2139 ut
284 2078 311 2137 ei
327 2085 498 2154 praeturam
513 2077 717 2150 continuaret,
732 2092 804 2136 mox
819 2077 909 2136 etiam
925 2078 1103 2138 consulatum

136 2168 242 2236 petere
264 2177 375 2236 ausuS,
402 2176 470 2220 cum
492 2168 576 2222 esset
595 2161 676 2222 omni
698 2159 882 2235 flagitiorum
904 2163 1103 2235 scelerumque

137 2244 324 2304 conscientia
347 2260 469 2305 mersus
494 2261 552 2306 nec
577 2245 684 2307 melior
708 2245 749 2306 illi
770 2260 821 2305 res
846 2244 1002 2306 famularis
1026 2257 1103 2321 quau

135 2342 222 2387 mens
238 2328 323 2399 toret,
340 2329 514 2405 adgregatis
527 2329 686 2392 simillimis
702 2328 760 2390 sibi
774 2328 945 2390 interimere
954 2328 1104 2390 Caesarem

136 2412 253 2485 statuit,
274 2420 308 2473 ut
324 2430 384 2488 quo
401 2416 489 2475 salvo
506 2416 611 2476 salvus
626 2429 698 2474 esse
713 2429 773 2473 non
788 2418 922 2489 poterat,
941 2430 979 2474 eo
995 2413 1102 2473 sublato

25 2556 29 2562 ,
105 2500 122 2550 4
135 2503 313 2558 moreretur.
336 2498 457 2573 Quippe
472 2499 513 2558 ita
527 2514 562 2558 se
579 2514 682 2559 mores
696 2498 824 2572 babent,
845 2505 878 2559 ut
893 2497 1017 2573 publica
1032 2493 1102 2573 quis·

137 2596 197 2654 que
211 2582 299 2642 ruina
313 2583 396 2643 malit
407 2582 549 2643 occidere
562 2599 654 2656 quarn
668 2598 725 2642 sua
739 2583 854 2655 proteri
865 2589 895 2642 et
908 2580 990 2641 idem
1004 2592 1103 2656 passu·

135 2680 188 2724 rus
210 2666 310 2726 minus
327 2667 475 2740 conspici.
507 2666 613 2741 Neque
633 2664 682 2725 bic
704 2665 858 2742 prioribus
879 2666 909 2725 in
931 2661 1102 2726 occultando

136 2747 254 2808 felicior
278 2748 348 2822 suit,
373 2749 558 2824 abditusque
581 2750 695 2810 carceri
716 2765 786 2810 curn
811 2751 944 2811 consciis
970 2744 1102 2809 facinoris

134 2837 263 2891 mortem
279 2832 488 2907 dignissimam
503 2833 563 2892 vita
578 2850 639 2895 sua
651 2833 734 2894 obiit.

103 2923 118 2974 1
216 2915 303 2976 XCII.
335 2916 527 2983 Praeclarum
553 2919 730 2978 excellentis
756 2919 812 2978 uiri
839 2919 950 2978 iactum
978 2916 1008 2978 C.
1032 2909 1103 2977 Senti

135 2998 289 3061 Saturnini
304 3001 385 3061 circa
400 3017 436 3061 ea
451 3007 590 3076 tempora
606 2998 743 3063 consulis
764 3018 802 3062 ue
823 3002 980 3062 fraudetur
1000 3012 1102 3061 memo·

104 3092 120 3143 2
135 3085 189 3144 ria.
211 3086 328 3145 Aberat
338 3087 368 3145 in
383 3086 560 3146 ordinandis
570 3087 665 3147 Asiae
677 3084 870 3161 Orientisque
883 3085 978 3146 rebus
990 3085 1102 3150 caesar,

135 3168 352 3229 circumferens
377 3177 525 3230 terrarum
551 3170 617 3230 orbi
644 3169 818 3246 praesentia
842 3184 900 3229 sua
926 3169 1012 3245 pacis
1038 3176 1104 3229 suae

133 3252 229 3313 bona=
248 3260 309 3313 tum
323 3252 456 3327 Sentius,
471 3255 550 3314 iorte
564 3261 595 3314 et
608 3256 695 3315 solus
706 3261 740 3329 ¹et
755 3254 882 3314 absente
894 3252 1027 3314 Caesare
1042 3265 1105 3312 con·

134 3338 196 3410 sul,
220 3352 287 3397 cum
304 3337 363 3395 alia
378 3335 481 3412 prisca
502 3339 664 3398 severitate
679 3352 860 3411 summaque
876 3336 1048 3399 constantia
1060 3346 1105 3393 ve·

133 3429 197 3480 tere
214 3421 375 3480 consulum
389 3438 475 3482 more
491 3438 527 3482 ac
545 3422 708 3483 severitate
722 3422 888 3497 gessisset,
911 3417 1107 3497 protraxisset

113 3502 363 3574 publicanorum
378 3507 522 3583 fraudes,
539 3507 682 3584 punisset
696 3505 869 3579 auaritiam,
883 3508 1069 3580 regessisset
1081 3500 1107 3558 in
