2340 3946
146 192 187 254 88
419 190 460 249 Μ.
482 189 621 249 VELLEI
642 188 858 250 PATERCULl

146 344 252 420 inopia
265 359 366 402 rerum
381 340 594 414 intolerabilis,
610 339 658 401 vis
672 339 806 402 hostium
818 339 951 402 faciebat
964 341 1115 418 inexsupe
1157 345 1164 423 ξ

146 427 267 500 rabilis,
289 442 346 486 neo
367 425 527 486 temerario
543 424 670 486 consilio
692 440 749 484 nce
770 426 857 499 segni
872 425 1116 501 providentianti
1149 422 1164 472 l

148 510 361 587 speculatique
380 509 639 586 opportunitatem
662 510 742 570 terro
757 508 816 568 sibi
831 508 872 569 ad
886 525 965 569 suos
978 524 1117 586 peperat

119 594 284 656 traditum.
320 592 366 653 Ex
382 609 444 669 quo
460 599 589 670 apparet
601 594 732 666 Varum,
754 607 830 652 sane
844 605 970 668 gratem
986 599 1019 653 et
1032 593 1117 654 bonae

148 676 314 739 voluntatis
339 678 452 751 virum,
478 677 576 751 magis
600 676 792 750 imperatoris
818 676 974 737 delectum
1001 677 1117 738 eonmlo

149 778 239 838 quarn
247 761 356 821 virtute
363 760 539 821 destitutum
550 759 673 820 militum
684 775 718 820 se
731 759 1118 835 magnificentissimumqut

118 853 135 903 s
148 845 322 922 perdidisse
337 843 514 905 exereitum.
547 843 662 904 (lumin
678 841 818 918 captivos
835 844 1008 905 saeviretur
1024 860 1043 904 a
1058 844 1118 907 Gor

149 930 262 1004 manis,
290 929 439 1004 praeclari
465 926 609 988 facinoris
634 933 741 987 auctor
771 926 827 988 fuit
856 927 969 988 Caldus
1000 927 1118 1002 Caelius,

148 1015 322 1076 adulescens
335 1017 488 1072 vetustate
503 1011 634 1070 familiae
648 1026 724 1070 suae
739 1009 956 1108 dignissimus,
980 1012 1035 1086 qui
1049 1026 1119 1074 com·
1157 1017 1164 1059 i

149 1099 259 1174 plexus
282 1103 471 1170 catenarum,
493 1094 603 1170 quibus
620 1093 742 1154 vinetus
757 1100 836 1169 erat,
857 1094 985 1169 seriem,
1007 1095 1119 1157 itaillttt
1158 1101 1164 1142 ¹

148 1182 240 1242 inlisit
254 1178 347 1254 capiti
362 1194 436 1252 suo,
454 1185 487 1239 ut
496 1177 636 1254 protinus
649 1177 763 1251 pariter
773 1177 933 1253 sanguinis
945 1178 1118 1295 cerebriqut
1159 1169 1164 1193 ¹

149 1264 274 1325 ellluvio
291 1263 453 1338 expiraret.

121 1364 135 1415 1
233 1346 331 1406 CXXI.
358 1345 414 1406 His
430 1345 541 1405 auditis
556 1345 674 1406 revolat
688 1346 728 1405 ad
741 1353 858 1420 patrem
874 1345 1005 1416 Caesam
997 1358 1119 1422 perpe

148 1440 219 1492 tuus
244 1436 394 1505 patronus
409 1428 539 1489 Romani
558 1427 666 1504 imperi
678 1429 836 1489 adsuetam
852 1428 911 1490 sibi
922 1444 1119 1491 eausamsua

149 1515 236 1590 eipit;
254 1513 379 1574 mittitur
395 1514 435 1573 ad
452 1513 658 1586 Germaniam,
674 1513 787 1574 Gallias
803 1512 978 1588 confirmat,
993 1513 1121 1590 disponit

148 1598 316 1672 exercitus,
343 1595 498 1672 praesidia
520 1594 615 1656 munit
629 1603 660 1655 et
684 1611 719 1655 se
739 1596 947 1671 magnitudine
969 1613 1043 1672 sua,
1068 1611 1120 1657 non

148 1683 261 1744 fiducia
285 1682 384 1742 hostis
409 1681 554 1753 metiens
589 1679 640 1755 qui
666 1679 846 1740 Cimbricam
871 1680 1121 1756 Teutonioumqnt

148 1767 283 1826 militiam
303 1765 408 1825 ltaliae
433 1763 618 1837 minabatur,
644 1764 723 1824 ultro
743 1763 883 1824 Rhenum
904 1780 974 1824 cum
993 1763 1120 1831 exercitt

119 1847 378 1925 ltransgreditur.
400 1849 495 1907 Arma
509 1847 613 1918 infert,
636 1863 715 1922 quae
730 1848 868 1908 arcuisse
884 1855 972 1923 pater
986 1856 1017 1908 et
1033 1847 1120 1924 patria

149 1931 282 1994 contenti
307 1938 408 2000 erant;
435 1936 575 2007 penetrat
594 1929 735 2003 interius,
762 1931 859 2006 aperit
879 1931 1005 2006 limites,
1031 1936 1120 1993 vasbt

149 2033 257 2093 agros,
270 2015 330 2076 urit
337 2016 462 2088 domos,
477 2011 576 2072 fundit
588 2011 712 2087 obvios,
728 2013 923 2089 maximaque
937 2031 1008 2077 eum
1023 2013 1118 2090 glorie,

149 2100 293 2162 ineolumi
309 2098 457 2169 omnium,
475 2112 555 2170 quos
570 2097 799 2171 transduxerat,
816 2113 942 2159 numero
956 2099 988 2159 in
1002 2097 1121 2159 hibemt

120 2183 318 2243 treventitur.
354 2180 470 2239 Eadem
482 2179 578 2240 virtus
594 2187 624 2239 et
639 2181 760 2241 fortuna
774 2180 976 2257 subsequenti
990 2191 1121 2258 tempore

148 2265 281 2340 ingressi
307 2263 498 2324 Germaniam
523 2263 716 2338 imperatoris
730 2264 830 2325 Tiberi
851 2266 920 2340 tuit,
942 2281 1025 2340 quae
1046 2262 1121 2326 initio

149 2351 256 2410 luerat.
281 2347 336 2422 Qut
352 2348 488 2408 contusis
500 2346 633 2408 hostium
644 2348 761 2409 viribus
774 2349 914 2410 classicis
929 2349 1121 2426 peditumque

148 2429 411 2507 expeditionibus,
428 2448 495 2493 eum
511 2447 562 2492 res
575 2432 737 2493 Galliarum
748 2432 900 2494 maximae
913 2432 1005 2494 molis
1021 2447 1120 2494 uccen-

149 2514 602 2592 sasqueplebisViennensium
611 2515 824 2577 dissensiones
834 2516 1021 2578 coercitione
1032 2512 1121 2591 magis

150 2616 241 2677 quam
263 2616 365 2676 poena
387 2600 550 2672 mollisset,
570 2605 600 2658 et
614 2606 740 2658 senatus
761 2603 958 2677 populusque
971 2602 1121 2662 Romanus

148 2684 323 2761 postulante
338 2690 425 2758 petre
440 2682 522 2754 eius,
538 2688 571 2740 ut
585 2695 717 2756 aequum
732 2681 760 2742 ei
779 2684 827 2744 ius
847 2682 878 2743 in
901 2685 1043 2746 omnibus
1057 2697 1122 2761 pro·

149 2767 258 2828 vinciis
273 2764 520 2838 exercitibusque
532 2770 630 2838 esset,
643 2781 734 2840 quam
746 2773 810 2827 erat
820 2766 896 2842 ipsi,
910 2769 1035 2830 decreto
1047 2783 1123 2830 eom·
1161 2830 1164 2837 ,

149 2852 260 2927 plexus
282 2853 380 2922 esset,
402 2847 527 2922 (etenim
542 2847 710 2908 absurdum
730 2856 796 2910 erat
815 2866 877 2911 non
900 2867 971 2912 esse
993 2852 1053 2913 sub
1066 2851 1123 2922 illo,
1161 2842 1164 2857 '

151 2947 231 3012 quae
246 2933 284 2993 ab
299 2933 350 2992 illo
366 2930 612 3005 vindicabantur,
629 2932 726 3008 etqui
742 2935 781 2994 ad
789 2950 879 3010 opem
894 2936 1053 2996 ferendam
1067 2931 1124 3011 pri·
1162 2932 1164 2943 '

149 3033 218 3078 mus
234 3022 312 3092 erat,
334 3016 374 3076 ad
389 3014 605 3076 vindicandum
620 3015 768 3077 honorem
789 3034 850 3079 non
865 3018 996 3080 iudicari
1009 3018 1126 3096 param>

149 3101 181 3163 in
196 3102 303 3163 urbem
317 3114 463 3160 reversus
483 3096 664 3173 iampridem
680 3099 813 3162 debitum
829 3101 885 3162 scd
900 3102 1125 3164 continuatione

149 3185 298 3246 bellorum
320 3183 445 3244 dilatum
465 3196 505 3240 ex
525 3181 691 3244 Pannoniis
713 3184 922 3260 Delmatisque
943 3186 1005 3262 egit
1025 3187 1125 3248 trium

121 3282 138 3334 4
149 3268 254 3344 phum.
290 3266 381 3327 Cuius
401 3264 655 3340 magnificentiam
677 3267 747 3343 quis
771 3267 895 3329 miretur
919 3269 950 3329 in
977 3271 1126 3332 caesaret

150 3351 290 3413 fortunae
315 3364 389 3408 vero
417 3348 486 3423 quis
512 3366 574 3410 non
598 3349 722 3425 miretur
746 3350 988 3429 indulgentiamt
1012 3352 1125 3430 quippe

151 3434 250 3496 omnis
271 3430 529 3494 eminentissimos
551 3432 684 3495 bostium
706 3435 801 3496 duces
823 3451 886 3496 non
908 3437 1032 3498 oeoisos
1047 3438 1126 3497 famu
