2340 3946
147 218 190 281 34
423 217 464 283 M·
486 217 629 277 VELLEI
646 217 864 280 PATERCULI

149 372 219 435 tivis
235 368 484 446 expeditionibus
506 369 622 445 piratae
642 376 790 432 terrerent
807 370 1024 446 quasdamque
1046 370 1133 431 etiam

149 453 253 517 ltaliae
268 454 353 514 urbis
365 453 574 528 diripuissent,
591 453 642 514 Cn.
651 453 815 529 Pompeius
831 455 875 514 ad
887 468 942 516 eos
955 454 1131 530 opprimen-

42 554 44 565 ·
150 541 207 602 dos
222 537 391 599 mitteretur
405 545 553 613 essetque
568 538 596 598 ci
617 537 778 613 imperium
793 554 926 614 aequum
942 537 973 597 in
990 536 1134 599 omnibus

149 623 316 700 provinciis
331 637 400 683 oum
416 620 654 696 proconsulibus
669 638 770 696 usque
787 622 828 682 ad
843 621 1133 697 quinquagesimum

122 707 307 768 amiliarium
322 723 341 765 a
354 707 439 765 mari.
468 706 533 781 Quo
550 714 676 767 senatus
692 707 833 767 consulto
848 721 948 780 paene
962 706 1062 767 totius
1077 713 1131 766 ter

61 818 63 822 >
148 807 250 852 rarum
271 791 353 851 orbis
374 789 535 865 imperium
555 791 607 849 uni
628 790 693 849 viro
713 790 924 859 deferebatur;
950 791 1009 850 sed
1033 798 1131 851 tamen

149 876 231 935 idem
250 874 309 935 boo
330 882 399 934 ante
421 873 614 949 septennium
635 874 665 933 in
679 872 720 932 Μ.
734 874 848 934 Antoni
865 881 1010 948 practura
1027 875 1131 935 dcere

117 972 134 1025 3
151 966 212 1020 tum
227 965 299 1018 erat.
331 957 394 1018 Sed
415 958 566 1017 interdum
586 974 721 1032 persona
741 965 774 1018 ut
794 960 936 1032 exemplo
958 965 1069 1033 nocet,
1095 958 1130 1018 ita

150 1043 295 1103 invidiam
307 1049 398 1116 auget
408 1048 459 1101 aut
470 1043 565 1101 levat:
581 1042 610 1100 in
619 1041 751 1102 Antonio
763 1042 904 1103 homines
914 1057 1018 1118 aequo
1032 1043 1130 1103 auimo

150 1127 236 1203 passi
251 1134 353 1194 erant;
373 1141 443 1186 raro
459 1127 540 1186 enim
554 1126 707 1186 invidetur
721 1140 827 1186 eorum
847 1125 1033 1200 honoribuS,
1056 1141 1128 1202 quo-

149 1228 216 1272 rum
228 1210 276 1270 vis
291 1226 353 1270 non
367 1210 504 1279 timetur;
521 1217 627 1270 contra
640 1210 670 1270 in
685 1211 723 1269 iis
737 1210 877 1270 homines
889 1209 1128 1270 extraordinario

149 1294 362 1367 reformidant,
383 1292 436 1367 qui
451 1309 487 1353 ea
502 1310 559 1354 suo
576 1293 699 1355 arbitrio
714 1301 766 1354 aut
781 1294 950 1369 deposituri
965 1300 1019 1354 eut
1032 1301 1128 1355 reten-

150 1378 210 1439 turi
231 1379 372 1437 videntur
387 1383 417 1437 et
436 1378 560 1438 modum
581 1376 612 1438 in
633 1379 788 1439 voluntate
808 1377 930 1438 babent.
962 1377 1129 1438 Dissuade-

150 1462 224 1522 bant
239 1461 414 1536 optimates,
437 1463 494 1522 sed
511 1463 640 1523 consilia
653 1463 768 1536 impetu
783 1462 863 1522 victa
877 1468 956 1522 sunt.
1119 1471 1123 1478 ’

118 1556 133 1608 1
229 1544 348 1608 XXXll.
378 1545 475 1620 Digna
490 1553 537 1606 est
550 1546 697 1606 memoria
712 1545 745 1620 Q.
762 1546 858 1605 Catuli
879 1562 948 1605 oum
964 1543 1129 1606 auctoritas

150 1639 214 1690 turn
234 1629 433 1703 verecundia,
461 1631 513 1705 qui
535 1647 603 1690 cum
624 1630 809 1690 dissuadens
831 1631 929 1704 legem
943 1629 973 1689 in
989 1629 1129 1689 contione

151 1714 282 1774 dixisset
302 1729 374 1774 esse
400 1714 524 1788 quidem
550 1715 738 1788 praeclarum
762 1714 859 1774 virum
880 1713 932 1773 cn.
952 1713 1128 1788 Pompeium

152 1798 208 1857 sed
230 1798 354 1857 nimium
376 1797 435 1855 iam
457 1798 569 1857 liberae
589 1797 775 1872 reipublicae
791 1813 891 1872 neque
907 1798 1009 1858 omnia
1023 1797 1055 1857 in
1070 1813 1129 1856 uuo

150 1881 346 1955 reponenda,
362 1879 604 1952 adiecissetque=
625 1879 672 1953 „si
689 1879 762 1953 quid
777 1880 848 1940 huic
863 1880 1023 1956 acciderit,
1041 1895 1129 1956 quom

151 1964 182 2023 in
198 1965 264 2024 eius
279 1965 380 2024 locum
395 1961 618 2023 substituitist“
638 1964 838 2025 subclamavit
851 1964 997 2025 universa
1012 1962 1128 2026 contior

152 2055 217 2122 ‚,te,
239 2048 273 2120 Q.
290 2047 429 2115 catule;“
450 2055 512 2107 tum
526 2046 577 2106 illc
593 2046 690 2108 victus
706 2063 862 2110 consensu
878 2049 1011 2110 omnium
1026 2056 1127 2109 ettam

120 2131 323 2192 abonoriflco
345 2129 475 2190 civitatis
496 2130 669 2193 testimonio
691 2148 709 2191 e
730 2133 873 2194 contione
888 2132 1042 2195 discessit.
1077 2131 1129 2191 llio

151 2213 282 2273 hominis
294 2213 519 2288 verecundiam,
536 2216 640 2290 populi
651 2216 796 2277 iustitiam
807 2215 909 2276 mirari
922 2215 1012 2287 libet;
1028 2216 1128 2288 huius

153 2298 237 2372 quod
252 2313 313 2358 non
334 2298 413 2358 ultra
428 2299 596 2374 contendit,
619 2300 733 2375 plebis,
756 2301 840 2376 quod
855 2300 1088 2361 dissuadentem
1102 2305 1132 2361 et

153 2381 363 2441 adversarium
376 2383 539 2444 voluntatis
555 2399 631 2443 suae
647 2400 718 2446 vero
730 2385 903 2446 testimonio
918 2384 1063 2445 fraudare
1078 2400 1129 2444 uo·

118 2464 212 2525 eluit.
244 2464 303 2523 Per
322 2465 402 2525 idem
423 2472 542 2541 tempus
564 2467 650 2527 Cotto
670 2467 826 2528 iudicandi
844 2485 971 2543 munus,
997 2470 1084 2544 quod
1099 2468 1129 2528 G.

154 2547 309 2624 Gracchus
325 2556 463 2625 ereptum
478 2550 598 2611 senatui
618 2552 657 2611 ad
679 2553 815 2626 equites,
843 2552 929 2613 Sulla
949 2553 1069 2612 abillis
1092 2552 1129 2612 ad

152 2638 291 2693 senatum
306 2635 529 2707 transtulerant,
546 2634 713 2709 aequaliter
727 2634 805 2695 inter
819 2642 981 2711 utrumque
992 2637 1130 2696 ordinem

135 2717 279 2790 ‘partitus
296 2725 357 2786 est3
385 2717 461 2778 Otho
477 2716 610 2777 Roscius
631 2718 699 2792 lege
720 2736 776 2779 sua
791 2720 946 2795 equitibus
966 2721 997 2781 in
1012 2720 1130 2780 theatro

120 2800 221 2859 lloca
234 2800 373 2861 restituit.
405 2804 447 2861 At
461 2801 513 2859 Cn.
527 2800 691 2875 Pompeius
712 2803 814 2865 miultis
829 2811 859 2864 et
872 2806 1040 2879 praeclaris
1056 2803 1132 2864 viris

152 2883 229 2943 inid
244 2883 355 2944 bellum
371 2885 541 2960 adsumptis
553 2885 771 2962 descriptoque
784 2893 906 2963 [poene]
923 2890 952 2947 in
970 2888 1070 2948 omnis
1084 2903 1130 2947 rc·

154 2983 261 3027 cessus
273 2965 364 3028 maris
375 2967 532 3043 praesidio
546 2969 666 3028 navium
682 2970 769 3031 brevi
782 2972 1024 3047 inexsuperabili
1038 2989 1131 3032 manu

152 3059 299 3111 terrarum
324 3053 428 3112 orbem
453 3052 606 3122 liberavit,
632 3056 869 3131 praedonesque
894 3070 951 3130 per
974 3057 1071 3118 multa
1094 3071 1131 3115 ac

152 3136 252 3197 multis
273 3135 350 3196 locis
372 3135 469 3197 victos
492 3137 573 3194 circa
588 3136 720 3197 Ciliciam
742 3141 842 3199 classe
863 3139 1032 3213 adgressus
1054 3139 1141 3200 ludit·

152 3219 328 3294 aufugavit,
344 3227 374 3280 et
389 3235 450 3294 quo
466 3219 611 3281 maturius
626 3222 738 3282 bellum
751 3229 811 3282 tam
827 3224 887 3282 lale
898 3222 1044 3284 diffusum
1057 3238 1130 3284 con-

151 3300 271 3375 ficeret,
290 3301 436 3378 reliquias
452 3319 557 3362 eorum
573 3312 744 3368 contractas
760 3307 790 3365 in
804 3307 933 3368 urbibus
948 3316 1132 3383 remotoque

119 3394 135 3445 5
150 3388 225 3447 nturi
240 3389 309 3448 loco
324 3386 354 3446 in
371 3395 453 3448 certa
468 3389 543 3449 sede
558 3389 722 3450 constituit.
751 3389 828 3450 Sunt
843 3391 894 3466 qui
909 3390 969 3451 hoe
984 3395 1130 3466 carpenta

151 3472 209 3529 sed
231 3487 415 3547 quamquam
435 3469 466 3532 in
488 3480 614 3534 auctore
633 3475 709 3534 satis
730 3474 857 3536 rationis
879 3481 940 3550 cst,
967 3481 1029 3535 tum
1049 3473 1129 3535 ratio
