2340 3946
203 212 410 277 HISTORIAE
431 216 623 278 ROMANAE
643 217 684 291 ΙΙ,
708 226 843 282 libili.
967 219 1007 282 81

27 367 173 429 hercules
201 368 283 428 nulla
307 383 442 442 unquam
462 367 545 428 natio
566 373 627 427 tam
648 374 766 428 mature
786 364 915 429 consilio
936 369 1008 428 belli

26 452 144 512 bellum
158 450 256 512 iunxit
270 466 306 510 ac
318 452 442 511 decreta
452 448 593 525 patravit.
615 449 765 525 Oppressi
777 450 861 512 cives
868 450 1007 525 Romani,
1019 464 1036 518 6

25 535 171 596 trucidati
186 536 406 610 negotiatores,
423 550 552 610 magnus
567 534 793 595 vexillariorum
807 551 953 613 numerus
969 536 1009 594 ad

26 620 268 681 internecionem
288 633 324 678 ea
337 619 367 678 in
385 618 525 692 regione,
549 633 628 692 quae
641 618 804 693 plurimum
824 619 862 679 ab
878 617 1008 694 impera·

27 709 95 765 tore
108 702 229 776 aberat,
245 718 371 775 caesus,
388 708 538 778 occupata
549 701 640 761 armis
651 701 847 774 Macedonia,
865 704 966 763 omnia
980 710 1010 762 et

25 787 58 847 in
70 786 214 847 omnibus
228 786 306 846 locis
321 786 383 861 igni
397 787 542 861 ferroque
556 792 683 846 vastata.
711 784 788 859 Quin
803 791 903 847 tantus
919 787 1008 847 etiam

25 869 121 931 huius
135 869 208 930 belli
221 872 319 930 metus
335 870 404 943 suit,
424 877 459 930 ut
474 869 612 930 smbilem
627 870 709 929 illum
724 876 755 930 et
769 869 928 929 formatum
943 879 1008 931 tan-

24 961 128 1014 torum
142 953 291 1014 bellorum
304 953 493 1028 experientia
500 952 639 1013 Caesaris
647 952 780 1028 Augusti
792 951 923 1014 animum
935 970 1008 1029 qua-

24 1043 106 1098 teret
125 1045 217 1112 atque
237 1044 379 1096 terreret:
402 1037 506 1098 audita
518 1036 549 1098 in
564 1046 673 1099 senatu
689 1053 750 1097 vox
770 1037 933 1113 principis,
955 1037 1007 1096 de-

27 1121 108 1181 cimo
124 1119 189 1194 die,
205 1121 235 1180 ni
251 1127 424 1196 caveretur,
440 1136 536 1196 posse
550 1120 670 1181 hostem
685 1122 714 1180 in
728 1121 814 1182 urbis
825 1121 942 1182 Romae
956 1136 1008 1180 ve-

26 1205 93 1263 nire
120 1212 328 1279 conspectum.
366 1204 548 1265 Senatorum
572 1205 770 1280 equitumque
801 1204 1034 1274 Romanorumr

26 1294 157 1348 exactae
171 1289 210 1348 ad
219 1289 251 1348 id
262 1288 373 1349 bellum
385 1304 508 1363 operae.
530 1288 690 1350 Pollicitati
703 1293 810 1350 omnia.
839 1289 940 1349 Habiti
954 1289 1008 1348 ita-

29 1387 91 1447 que
113 1371 265 1445 delectus,
286 1371 421 1433 revocati
442 1373 580 1447 undique
600 1380 631 1433 et
651 1389 757 1433 omnes
780 1373 929 1445 veterani,
952 1373 1009 1432 viri

28 1454 223 1530 feminaeque
238 1472 277 1515 ex
292 1471 389 1517 censu
402 1456 576 1517 libertinum
589 1463 715 1517 coactae
731 1457 804 1517 dare
819 1455 951 1517 militem.

114 1538 185 1598 cxl.
229 1539 336 1600 Omnia
350 1540 427 1600 haec
445 1539 559 1600 frustra
572 1555 862 1614 praeparassem,
882 1541 942 1601 nisi
958 1543 1033 1614 qui]

29 1623 80 1683 illa
93 1630 215 1697 regeret
228 1623 347 1684 fuisset.
368 1625 474 1697 ltaque
486 1630 520 1683 ut
537 1621 723 1699 praesidium
742 1623 877 1683 ultimum
898 1638 1007 1697 respu-

29 1704 109 1766 blica
123 1707 310 1782 abAugusto
326 1708 435 1767 ducem
449 1707 480 1766 in
495 1707 607 1768 bellum
623 1705 934 1782 poposcitTiberium.
950 1706 1037 1773 Han

30 1787 93 1850 buit
103 1790 134 1849 in
149 1789 209 1850 hoc
225 1807 350 1866 quoque
365 1791 445 1850 bello
460 1790 654 1853 mediocritas
676 1796 783 1850 nostra
804 1790 939 1865 speciosi
954 1791 1006 1851 mi·

31 1873 135 1934 nisteri
148 1875 264 1935 locum:
285 1875 371 1934 finita
386 1875 521 1949 equestri
536 1873 641 1934 militia
655 1874 834 1948 designatus
850 1881 1006 1950 quaestor,

33 1958 160 2017 necdum
181 1965 305 2018 senator
331 1964 479 2034 aequatus
505 1958 699 2019 senatoribus
724 1958 814 2018 etiam
839 1957 1008 2031 designatis

32 2041 159 2101 tribunis
174 2042 275 2116 plebei
290 2049 407 2118 partem
424 2042 577 2103 exercitus
584 2042 623 2102 ab
632 2041 813 2102 urbetraditi
821 2040 859 2100 ab
866 2042 1006 2115 Augusto

34 2124 160 2198 perduxi
176 2125 318 2184 adfilium
330 2126 405 2186 cius.
429 2127 463 2185 In
479 2133 643 2201 quaestura
658 2126 769 2186 deinde
782 2123 912 2184 remissa
926 2134 1038 2189 sortes

34 2209 208 2281 provinciae
223 2208 341 2280 legatus
357 2207 495 2268 eiusdem
511 2209 551 2268 ad
562 2209 694 2270 eundem
708 2209 838 2283 missus,
855 2225 932 2284 quas
948 2210 1007 2270 nos

10 2288 130 2364 iprimo
156 2304 236 2347 anno
263 2289 345 2348 acies
369 2287 502 2350 hostiurn
529 2292 675 2351 vidimus!
702 2292 823 2367 quantis
846 2293 1008 2369 prudentia

10 2384 14 2453 ξ
33 2373 119 2434 ducis
135 2371 412 2446 opportunitatibus
428 2372 555 2432 furentis
567 2389 674 2434 eorum
683 2375 756 2434 viris
771 2376 931 2437 universas
940 2390 1009 2434 eva·
1101 2379 1105 2386 “

10 2452 18 2516 ἷ’
32 2457 134 2527 simus,
145 2455 300 2530 [fudimus]
308 2454 461 2530 partibus!
474 2463 587 2529 quanto
596 2471 664 2515 cunr
673 2465 910 2532 temperamento
918 2461 1008 2521 simul

30 2540 164 2601 utilitatis
175 2555 226 2599 res
238 2539 415 2600 auctoritate
430 2539 621 2613 imperatoris
636 2540 684 2614 agi
695 2539 842 2601 vidimus!
859 2559 921 2617 qua
937 2558 1008 2616 pru-

34 2621 520 2708 dentiahihernadispositasuntl
534 2630 646 2699 quanto
656 2639 749 2699 opere
761 2624 1008 2688 inclususcusto-

32 2705 88 2767 diis
101 2706 216 2768 nostris
230 2707 399 2782 exercitus,
417 2722 457 2767 ne
472 2723 532 2782 qua
545 2713 655 2782 posset
667 2723 841 2784 erumpere,
855 2710 1009 2785 inopsque

32 2791 189 2867 copiarum
202 2796 233 2849 ct
245 2788 322 2850 intra
334 2805 370 2850 se
386 2791 494 2872 fumans¹
510 2791 626 2852 viribus
645 2790 744 2853 hostis
762 2794 1008 2868 elanguesceret!

117 2874 204 2934 cxli.
232 2872 318 2932 Felix
333 2881 459 2944 euentu,
476 2874 554 2935 torto
568 2883 681 2937 conatu
696 2875 794 2951 prima
808 2883 924 2938 aestate
937 2877 1032 2940 belli]

33 2954 190 3020 Messalini
205 2972 285 3032 opus
300 2955 506 3017 mandandum
518 2965 566 3019 est
578 2958 752 3020 memoriae.
778 2958 833 3032 Qui
849 2961 895 3019 vir
908 2959 1036 3022 animoa

33 3041 121 3101 ctiam
143 3056 234 3117 quam
254 3047 346 3115 gente
366 3039 511 3114 nobilior,
532 3040 745 3117 dignissimus,
769 3041 821 3116 qui
842 3049 873 3102 et
893 3050 1009 3117 patrem

34 3124 195 3186 corvinum
209 3123 384 3197 habuisset,
406 3129 436 3183 et
450 3138 618 3197 cognomen
641 3141 730 3187 suum
745 3125 849 3186 Cottae
863 3125 947 3186 fratri
961 3140 1008 3183 re-

33 3205 196 3284 linqueret,
209 3205 405 3283 praepositus
412 3204 551 3284 Illyrico,
564 3209 836 3273 subitarebellione
844 3223 911 3269 cum
919 3207 1008 3268 semi-

35 3291 124 3365 plena
142 3290 265 3365 legione
279 3290 425 3351 vicesima
440 3290 643 3353 circumdatus
664 3292 766 3353 hostili
780 3292 931 3365 exercitu,
947 3307 1008 3350 am·

33 3375 111 3450 plius
127 3373 232 3450 viginti
254 3373 335 3434 milia
355 3374 487 3435 hostium
503 3373 581 3435 ludit
592 3376 783 3451 fugavitque,
806 3382 836 3435 et
856 3376 895 3436 ob
916 3376 947 3435 id
962 3389 1009 3435 or-

34 3465 180 3518 namentis
194 3458 426 3532 triumphalibus
442 3457 610 3519 honoratus
625 3464 681 3518 est.
717 3459 762 3519 lta
781 3459 922 3536 placebat
941 3457 1039 3519 bar-3

77 3540 342 3601 munimem.
837 3549 859 3599 b
