2370 3946
232 235 442 296 HISTORIAE
462 235 656 299 ROMANAE
676 239 719 314 ΙΙ,
742 250 801 302 tae.
969 238 1010 302 77

38 382 138 463 inquit,
153 385 342 462 reipublicae
357 403 452 448 causa
466 387 555 448 facio.
588 388 656 448 Non
671 388 724 449 diu
737 390 891 451 vindicem
906 398 1008 454 custo·
1023 396 1040 448 a

39 470 159 548 demque
174 471 282 546 imperi
297 471 345 531 sui
359 477 475 532 morata
489 468 520 530 in
534 469 611 531 urbe
626 470 725 547 patria
736 474 876 547 protinus
892 475 922 534 in
936 477 1009 536 Ger-

37 556 158 616 maniam
178 556 271 629 misit,
298 555 351 615 ubi
371 560 441 615 ante
462 554 624 615 triennium
647 555 706 615 sub
727 556 768 616 Μ.
784 558 921 632 Vinicio,
949 576 1008 620 avo

35 645 95 714 tao,
111 639 283 700 clarissimo
300 639 381 714 viro,
402 639 584 699 immensum
599 648 758 701 exarserat
772 640 885 701 bellum
900 650 931 703 et
944 653 1009 706 enat

35 723 114 786 abeo
127 722 313 799 quibusdam
327 724 357 783 in
372 722 450 782 locis
465 730 595 797 gestum,
613 722 795 797 quibusdam
807 733 1008 789 sustentatum

10 822 14 883 q
36 807 169 881 feliciter,
191 822 292 881 eoque
307 806 429 867 nomine
444 807 569 867 decreta
583 806 611 866 ei
626 822 694 866 cum
709 807 942 883 speciosissima
962 813 1006 872 in·

35 891 194 968 scriptione
215 905 344 966 operum
365 897 542 950 ornamenta
563 891 766 966 triumphalia.
802 893 868 954 Hoc
888 900 1041 969 tempusa

32 990 88 1050 me,
103 977 240 1035 functum
255 981 325 1036 ante
340 973 509 1047 tribunatu,
531 982 701 1036 castrorum
715 973 759 1034 Ti.
775 975 915 1037 Caesaris
931 979 1007 1038 mili·

31 1065 85 1119 am
106 1057 193 1120 fecie
216 1057 332 1133 quippe
353 1056 493 1132 protinus
514 1056 553 1116 ab
574 1058 740 1133 adoptione
754 1061 868 1120 missus
885 1076 953 1120 cum
968 1077 1006 1122 eo

30 1143 201 1218 praefectus
215 1142 351 1217 equitum
366 1142 396 1200 in
408 1139 615 1216 Germaniam,
631 1158 798 1203 successor
812 1145 894 1205 offici
910 1144 1006 1219 patris

30 1226 100 1302 mei,
122 1226 414 1287 coelestissimorum
428 1226 496 1285 eius
512 1241 640 1300 operum
661 1243 717 1301 per
731 1243 829 1289 annos
844 1228 1006 1290 continuos

10 1314 12 1363 i
30 1325 137 1372 novem
151 1311 326 1386 praefectus
343 1316 395 1369 aut
412 1309 531 1384 legatus
553 1317 709 1384 spectator
723 1318 753 1371 et
767 1327 823 1386 pro
839 1319 929 1386 captu
944 1329 1005 1372 me

29 1393 194 1456 rliocritetis
208 1408 295 1454 meae
309 1393 431 1454 adiutor
451 1394 503 1453 fui.
534 1393 641 1468 Neque
660 1395 703 1454 illi
724 1397 919 1470 spectaculo,
945 1403 1037 1472 quot
1136 1457 1142 1462 ,

29 1479 141 1540 fructus
166 1494 250 1551 sum,
277 1478 374 1538 simile
396 1476 536 1538 condicio
561 1478 698 1538 mortalis
722 1480 862 1554 recipere
886 1480 1008 1541 videtur

28 1561 111 1634 mibi,
139 1579 209 1622 curn
230 1577 286 1638 per
306 1560 534 1621 celeberrimam
554 1559 657 1620 Italiae
682 1569 798 1635 partem
825 1570 855 1622 et
877 1570 1007 1625 tractum

28 1660 144 1707 ornnem
157 1646 273 1706 Galliae
286 1645 511 1720 provinciarum
523 1651 655 1704 veterem
668 1645 882 1720 imperatorem
895 1653 925 1706 et
937 1653 1007 1706 ente

28 1731 137 1791 meritis
153 1746 190 1790 ac
204 1730 320 1790 viribus
337 1746 429 1804 quarn
443 1729 565 1789 nornine
580 1729 742 1790 Gaesarem
762 1729 932 1789 revisentes
947 1729 1006 1790 sibi

29 1815 157 1890 quisque
172 1829 264 1889 quam
285 1813 327 1872 illi
341 1814 564 1888 gratularentur
578 1813 708 1889 plenius.
737 1814 778 1875 At
792 1829 866 1873 vero
881 1813 1038 1877 militamt

28 1905 195 1974 conspectu
210 1894 276 1957 eius
298 1897 416 1957 elicitae
436 1897 549 1972 gaudio
572 1895 729 1972 lacrimae,
756 1898 962 1972 alacritasque
976 1904 1008 1958 et

28 1980 216 2043 salutationis
227 1996 308 2041 nova
320 1982 469 2056 quaedam
481 1981 627 2041 exultatio
640 1980 872 2056 etcontingendi
884 1997 1007 2041 manum

29 2063 174 2143 cupiditas
190 2082 252 2125 non
267 2065 498 2138 continentium,
514 2066 653 2139 protinus
670 2065 743 2141 quin
758 2066 939 2125 adiicerenta
961 2065 1005 2123 vi·

30 2147 131 2210 demus
145 2158 191 2223 te,
207 2149 386 2225 imperator!
403 2151 520 2209 salvum
535 2151 722 2224 recepimus!
745 2165 781 2210 ac
797 2149 925 2209 deludes
947 2164 1005 2223 ego

29 2235 137 2312 imum,
160 2233 341 2308 imperator,
357 2233 388 2293 in
402 2232 562 2306 Armenia,
578 2248 636 2307 ego
652 2234 682 2292 in
696 2233 825 2294 Rhaetia
839 2233 897 2309 fui,
914 2248 972 2308 ego
989 2249 1008 2293 a

28 2320 53 2376 te
71 2318 102 2376 in
118 2316 305 2388 Vindelicis,
328 2333 385 2392 ego
407 2317 437 2375 in
452 2316 626 2391 Pannonia,
647 2332 704 2390 ego
726 2317 757 2375 in
774 2317 936 2377 Germania
951 2317 1005 2376 do-

30 2409 112 2462 rame
135 2417 220 2474 sum,
241 2417 342 2476 neque
361 2399 465 2460 verbis
487 2399 616 2474 exprimi
638 2406 667 2459 et
681 2400 814 2460 fortasse
828 2401 881 2459 vix
895 2399 1006 2460 mereri

30 2482 114 2545 fldem
130 2492 242 2561 potest.

104 2569 167 2628 GV.
199 2569 312 2629 Intrate
331 2569 471 2645 protinus
494 2566 669 2641 Germania,
696 2565 816 2627 subacti
837 2566 1035 2638 Caninifati,1

30 2651 155 2727 Attuari,
171 2652 324 2728 Bructeri,
339 2652 455 2729 recepti
470 2652 625 2727 Cherusci,
641 2651 754 2726 (gentis
771 2649 835 2710 eius
854 2647 1008 2709 Armimas

31 2748 91 2798 mox
113 2741 221 2797 nostra
236 2736 324 2797 clade
338 2737 478 2810 nobilis),
500 2738 646 2797 transitus
667 2734 824 2809 Visurgis,
849 2738 1008 2809 penetrata

30 2818 181 2892 ulteriora,
204 2834 273 2880 cum
296 2836 416 2880 omnem
438 2828 555 2896 partem
576 2819 737 2895 asperrimi
758 2825 789 2880 et
808 2817 1007 2893 periculosis·

31 2902 88 2966 timi
114 2904 189 2965 belli
211 2904 325 2965 caesar
345 2904 529 2979 vindicaret,
554 2904 644 2965 iniis
667 2920 748 2979 quae
771 2902 898 2961 minoris
921 2909 1008 2961 erant

30 2984 225 3063 flacrirninis,
247 2987 385 3049 Sentium
401 2986 610 3061 Saturninum,
633 2988 686 3064 qui
701 2988 760 3047 iam
776 2986 895 3060 legatus
911 2985 1007 3058 patris

29 3069 84 3136 tius
100 3073 133 3134 in
150 3072 314 3133 Germania
328 3073 442 3144 fuerat,
459 3073 675 3147 praefecisset,
697 3072 794 3131 virum
810 3067 1008 3141 multiplicem

26 3149 252 3231 bvirtutibuS,
277 3173 405 3229 navum,
432 3155 557 3230 agilem,
583 3156 747 3230 providum
774 3151 1008 3226 militariumque

25 3240 196 3303 officiorum
210 3241 375 3315 patientem
390 3253 427 3299 ec
442 3238 571 3313 peritum
585 3237 710 3314 pariter,
725 3239 782 3299 sed
797 3237 937 3308 eundern,
953 3233 1006 3293 ubi

22 3325 145 3404 legatia
165 3323 315 3386 fecissent
335 3324 437 3385 locum
452 3319 531 3397 otio,
558 3322 722 3382 liberaliter
741 3322 884 3396 lauteque
899 3335 937 3380 eo
953 3317 1005 3378 ab·

20 3416 172 3483 ltentern,
197 3408 240 3468 ita
260 3414 376 3481 tamen,
401 3415 435 3467 ot
455 3422 524 3467 eum
546 3404 742 3480 splendidum
762 3412 855 3480 atque
879 3404 1007 3465 hilarem

15 3495 122 3566 botius
140 3507 233 3568 quam
247 3489 440 3554 luxuriosum
461 3498 514 3554 aut
533 3489 672 3551 desidem
695 3487 832 3557 diceres;
857 3489 897 3548 de
918 3487 1006 3549 cuius
